@article{bgk2002,
  title = {Modification of the saturation model: Dokshitzer-Gribov-Lipatov-Altarelli-Parisi evolution},
  author = {Bartels, J. and Golec-Biernat, K. and Kowalski, H.},
  journal = {Phys. Rev. D},
  volume = {66},
  issue = {1},
  pages = {014001},
  numpages = {9},
  year = {2002},
  month = {Jun},
  publisher = {American Physical Society},
  doi = {10.1103/PhysRevD.66.014001},
  url = {https://link.aps.org/doi/10.1103/PhysRevD.66.014001}
}
