@book{bronstein, 
	place={Berlin, Heidelberg}, 
	series={}, 
	title={Handbook of Mathematics}, 
	DOI={https://doi.org/10.1007/978-3-540-72122-2}, 
	publisher={Springer-Verlag Berlin Heidelberg}, 
	author={I.N. Bronshtein and 
		K.A. Semendyayev and 
		Gerhard Musiol and
		Heiner MÃ¼hlig
	},
 	year={2007}, 
	collection={},
	edition={6}
}
