@article{collins2016,
  title = {Relating transverse-momentum-dependent and collinear factorization theorems in a generalized formalism},
  author = {Collins, J. and Gamberg, L. and Prokudin, A. and Rogers, T. C. and Sato, N. and Wang, B.},
  journal = {Phys. Rev. D},
  volume = {94},
  issue = {3},
  pages = {034014},
  numpages = {20},
  year = {2016},
  month = {Aug},
  publisher = {American Physical Society},
  doi = {10.1103/PhysRevD.94.034014},
  url = {https://link.aps.org/doi/10.1103/PhysRevD.94.034014}
}
