@book{ellis1996, place={Cambridge}, series={Cambridge Monographs on Particle Physics, Nuclear Physics and Cosmology}, title={QCD and Collider Physics}, DOI={10.1017/CBO9780511628788}, publisher={Cambridge University Press}, author={Ellis, R. K. and Stirling, W. J. and Webber, B. R.}, year={1996}, collection={Cambridge Monographs on Particle Physics, Nuclear Physics and Cosmology}}
