@article{FL,    
title={Measurement of inclusive $\varvec{ep}$cross sections at high ${\varvec{Q}^{2}}$ at $\varvec{\sqrt{s}}=225$ and 252 GeV and of the longitudinal proton structure function ${\varvec{F}_{\varvec{L}}}$at HERA}, 
author={    Andreev, V.    ,Baghdasaryan, A.    ,Baghdasaryan, S. ,Begzsuren, K.,Belousov, A.,Belov, P.,Boudry, V.,Bradt, G.,Brinkmann, M.    ,Brisson, V.,Britzger, D.,Buniatyan, A.,Bylinkin, A.,Bystritskaya, L.,Campbell, A. J.,Cantun Avila, K. B.,Ceccopieri, F.,Cerny, K.,Chekelian, V.,Contreras, J. G.,Dainton, J. B.,Daum, K.,De Wolf, E. A.,Diaconu,C.,Dobre, M.,Dodonov, V.,Dossanov, A.,Dubak, A.,Eckerlin, G.,Egli, S.,Elsen, E.,Favart, L.,Fedotov, A.,Feltesse, J.,Ferencei, J.,Fleischer, M.,Fomenko, A.,Gabathuler, E.,Gayler, J.,Ghazaryan, S.    ,Glazov, A.    ,Goerlich, L.    ,Gogitidze, N.    ,Gouzevitch, M.    ,Grab, C.    ,Grebenyuk, A.    ,Greenshaw, T.    ,Grindhammer, G.    ,Habib, S.    ,Haidt, D.    ,Henderson, R. C. W.    ,Herbst, M.    ,Hildebrandt, M.    ,Hladkỳ, J.    ,Hoffmann, D.    ,Horisberger, R.    ,Hreus, T.    ,Huber, F.    ,Jacquet, M.    ,Janssen, X.    ,Jung, A. W.    ,Jung, H.    ,Kapichine, M.    ,Kiesling, C.    ,Klein, M.    ,Kleinwort, C.    ,Kogler, R.    ,Kostka, P.    ,Kretzschmar, J.    ,Krüger, K.    ,Landon, M. P. J.    ,Lange, W.    ,Laycock, P.    ,Lebedev, A.    ,Levonian, S.    ,Lipka, K.    ,List, B.    ,List, J.    ,Lobodzinski, B.    ,Lubimov, V.    ,Malinovski, E.    ,Martyn, H.-U.    ,Maxfield, S. J.    ,Mehta, A.    ,Meyer, A. B.    ,Meyer, H.    ,Meyer, J.    ,Mikocki, S.    ,Morozov, A.    ,Müller, K.    ,Naumann, Th.    ,Newman, P. R.    ,Niebuhr, C.    ,Nowak, G.    ,Nowak, K.    ,Olivier, B.    ,Olsson, J. E.    ,Ozerov, D.    ,Pahl, P.    ,Pascaud, C.    ,Patel, G. D.    ,Perez, E.    ,Petrukhin, A.    ,Picuric, I.    ,Pirumov, H.    ,Pitzl, D.    ,Plačakytė, R.    ,Pokorny, B.    ,Polifka, R.    ,Radescu, V.    ,Raicevic, N.    ,Raspereza, A.    ,Ravdandorj, T.    ,Reimer, P.    ,Rizvi, E.    ,Robmann, P.    ,Roosen, R.    ,Rostovtsev, A.    ,Rotaru, M.    ,Rusakov, S.    ,Šálek, D.    ,Sankey, D. P. C.    ,Sauter, M.    ,Sauvan, E.    ,Schmitt, S.    ,Schoeffel, L.    ,Schöning, A.    ,Schultz-Coulon, H.-C.    ,Sefkow, F.    ,Shushkevich, S.    ,Soloviev, Y.    ,Sopicki, P.    ,South, D.    ,Spaskov, V.    ,Specka, A.    ,Steder, M.    ,Stella, B.    ,Straumann, U.    ,Sykora, T.    ,Thompson, P. D.    ,Traynor, D.    ,Truöl, P.    ,Tsakov, I.    ,Tseepeldorj, B.    ,Turnau, J.    ,Valkárová, A.    ,Vallée, C.    ,Van Mechelen, P.    ,Vazdik, Y.    ,Wegener, D.    ,Wünsch, E.    ,Žáček, J.    ,Zhang, Z.    ,Žlebčík, R.    ,Zohrabyan, H.    ,Zomer, F.    ,H1 Collaboration
},  

      year={2014},
      month={April},   
      journal={The European Physical Journal C},
      
          page={2814},    
          volume={74},    
          issue={4},      
          url={https://doi.org/10.1140/epjc/s10052-014-2814-6},    doi={ 10.1140/epjc/s10052-014-2814-6}    
 }        
