@article{FL,    
title={Measurement of inclusive $ep$cross sections at high ${Q^{2}}$ at $\sqrt{s}=225$ and 252 GeV and of the longitudinal proton structure 	function ${F_{L}}$at HERA}, 
	author={ Andreev, V.
 and Baghdasaryan, A.
 and Baghdasaryan, S.
 and Begzsuren, K.
 and Belousov, A.
 and Belov, P.
 and Boudry, V.
 and Bradt, G.
 and Brinkmann, M.
 and Brisson, V.
 and Britzger, D.
 and Buniatyan, A.
 and Bylinkin, A.
 and Bystritskaya, L.
 and Campbell, A. J.
 and Cantun Avila, K. B.
 and Ceccopieri, F.
 and Cerny, K.
 and Chekelian, V.
 and Contreras, J. G.
 and Dainton, J. B.
 and Daum, K.
 and De Wolf, E. A.
 and Diaconu, C.
 and Dobre, M.
 and Dodonov, V.
 and Dossanov, A.
 and Dubak, A.
 and Eckerlin, G.
 and Egli, S.
 and Elsen, E.
 and Favart, L.
 and Fedotov, A.
 and Feltesse, J.
 and Ferencei, J.
 and Fleischer, M.
 and Fomenko, A.
 and Gabathuler, E.
 and Gayler, J.
 and Ghazaryan, S.
 and Glazov, A.
 and Goerlich, L.
 and Gogitidze, N.
 and Gouzevitch, M.
 and Grab, C.
 and Grebenyuk, A.
 and Greenshaw, T.
 and Grindhammer, G.
 and Habib, S.
 and Haidt, D.
 and Henderson, R. C. W.
 and Herbst, M.
 and Hildebrandt, M.
 and Hladkỳ, J.
 and Hoffmann, D.
 and Horisberger, R.
 and Hreus, T.
 and Huber, F.
 and Jacquet, M.
 and Janssen, X.
 and Jung, A. W.
 and Jung, H.
 and Kapichine, M.
 and Kiesling, C.
 and Klein, M.
 and Kleinwort, C.
 and Kogler, R.
 and Kostka, P.
 and Kretzschmar, J.
 and Krüger, K.
 and Landon, M. P. J.
 and Lange, W.
 and Laycock, P.
 and Lebedev, A.
 and Levonian, S.
 and Lipka, K.
 and List, B.
 and List, J.
 and Lobodzinski, B.
 and Lubimov, V.
 and Malinovski, E.
 and Martyn, H.-U.
 and Maxfield, S. J.
 and Mehta, A.
 and Meyer, A. B.
 and Meyer, H.
 and Meyer, J.
 and Mikocki, S.
 and Morozov, A.
 and Müller, K.
 and Naumann, Th.
 and Newman, P. R.
 and Niebuhr, C.
 and Nowak, G.
 and Nowak, K.
 and Olivier, B.
 and Olsson, J. E.
 and Ozerov, D.
 and Pahl, P.
 and Pascaud, C.
 and Patel, G. D.
 and Perez, E.
 and Petrukhin, A.
 and Picuric, I.
 and Pirumov, H.
 and Pitzl, D.
 and Plačakytė, R.
 and Pokorny, B.
 and Polifka, R.
 and Radescu, V.
 and Raicevic, N.
 and Raspereza, A.
 and Ravdandorj, T.
 and Reimer, P.
 and Rizvi, E.
 and Robmann, P.
 and Roosen, R.
 and Rostovtsev, A.
 and Rotaru, M.
 and Rusakov, S.
 and Šálek, D.
 and Sankey, D. P. C.
 and Sauter, M.
 and Sauvan, E.
 and Schmitt, S.
 and Schoeffel, L.
 and Schöning, A.
 and Schultz-Coulon, H.-C.
 and Sefkow, F.
 and Shushkevich, S.
 and Soloviev, Y.
 and Sopicki, P.
 and South, D.
 and Spaskov, V.
 and Specka, A.
 and Steder, M.
 and Stella, B.
 and Straumann, U.
 and Sykora, T.
 and Thompson, P. D.
 and Traynor, D.
 and Truöl, P.
 and Tsakov, I.
 and Tseepeldorj, B.
 and Turnau, J.
 and Valkárová, A.
 and Vallée, C.
 and Van Mechelen, P.
 and Vazdik, Y.
 and Wegener, D.
 and Wünsch, E.
 and Žáček, J.
 and Zhang, Z.
 and Žlebčík, R.
 and Zohrabyan, H.
 and Zomer, F.
 and H1 Collaboration},  
	year={2014},
	month={April},   
	      journal={The European Physical Journal C},
	      number={2814},    
	      pages={1434-6052},
	      volume={74},    
	          issue={4},      
	          url={https://doi.org/10.1140/epjc/s10052-014-2814-6}, 
	             doi={ 10.1140/epjc/s10052-014-2814-6}    
 }        
