@article{gbs2018,
  title = {Saturation model of DIS: an update},
  author = { Krzystof Golec-Biernat and Sebastian Sapeta  },
  journal = {JHEP},
  volume = {03},
  issue = {102},
  numpages = {16},
  year = {2018},
  month = {March},
  publisher = {Springer},
  doi = {},
  url = {https://doi.org/10.1007/JHEP03(2018)102}
}
