@article{gbs2006,
  title = {Heavy flavor production in DGLAP improved saturation model},
  author = {Golec-Biernat, K. and Sapeta, S.},
  journal = {Phys. Rev. D},
  volume = {74},
  issue = {5},
  pages = {054032},
  numpages = {8},
  year = {2006},
  month = {Sep},
  publisher = {American Physical Society},
  doi = {10.1103/PhysRevD.74.054032},
  url = {https://link.aps.org/doi/10.1103/PhysRevD.74.054032}
}
