@article{golec,
  title = {Deep Inelastic Scattering at Small Values of the Bjorken Variable x (Habilitation thesis)},
  author = {Golec-Biernat, K.},
  journal = {},
  volume = {},
  issue = {},
  pages = {},
  numpages ={ },
  year = {2001},
  month = {August},
  publisher = {The Henryk Niewodniczanski Institute of Nuclear Physics},
  doi = {},
  url = {https://annapurna.ifj.edu.pl/~golec/data/teaching/files/wyklady/hab.pdf}
}
