@article{hera,
  title = {Investigation into the limits of perturbation theory at low ${Q}^{2}$ using HERA deep inelastic scattering data},
  author = {Abt, I. and Cooper-Sarkar, A. M. and Foster, B. and Myronenko, V. and Wichmann, K. and Wing, M.},
  journal = {Phys. Rev. D},
  volume = {96},
  issue = {1},
  pages = {014001},
  numpages = {20},
  year = {2017},
  month = {Jul},
  publisher = {American Physical Society},
  doi = {10.1103/PhysRevD.96.014001},
  url = {https://link.aps.org/doi/10.1103/PhysRevD.96.014001}
}
