@article{impact,
  title = {Impact parameter dipole saturation model},
  author = {Kowalski, Henri and Teaney, Derek},
  journal = {Phys. Rev. D},
  volume = {68},
  issue = {11},
  pages = {114005},
  numpages = {18},
  year = {2003},
  month = {Dec},
  publisher = {American Physical Society},
  doi = {10.1103/PhysRevD.68.114005},
  url = {https://link.aps.org/doi/10.1103/PhysRevD.68.114005}
}
