@inproceedings{ivanov2002,
    author = "Ivanov, I. P. and Nikolaev, N. N. and Schafer, W. and Zakharov, B. G. and Zoller, V. R.",
    title = "{Lectures on diffraction and saturation of nuclear partons in DIS off heavy nuclei}",
    booktitle = "{36th Annual Winter School on Nuclear and Particle Physics (PINP 2002) and 8th St. Petersburg School on Theoretical Physics}",
    eprint = "hep-ph/0212161",
    archivePrefix = "arXiv",
    month = "12",
    year = "2002"
}
