@article{kutak2005,
author={Kutak, K. and Sta≈õto, A. M.},
year={2005},
month={June},
publisher={Springer},
journal={The European Physical Journal C - Particles and Fields},
volume={41},
issue={3},
title={The unintegrated gluon distribution from the modified BK equation},
pages=  {343- 351},
url={ https://doi.org/10.1140/epjc/s2005-02223-0},
}

