@article{minuit,
title = {Minuit - a system for function minimization and analysis of the parameter errors and correlations},
journal = {Computer Physics Communications},
volume = {10},
number = {6},
pages = {343-367},
year = {1975},
issn = {0010-4655},
doi = {https://doi.org/10.1016/0010-4655(75)90039-9},
url = {https://www.sciencedirect.com/science/article/pii/0010465575900399},
author = {F. James and M. Roos}
}