@article{nikolaev2002,
title = {Color Transparency},
journal = {Nuclear Physics B - Proceedings Supplements},
volume = {99},
number = {1},
pages = {249-256},
year = {2001},
note = {International Workshop on Diffraction in High-Energy Physics},
issn = {0920-5632},
doi = {https://doi.org/10.1016/S0920-5632(01)01343-3},
url = {https://www.sciencedirect.com/science/article/pii/S0920563201013433},
author = {N.N. Nikolev},
abstract = {I review the current status of color transparency as an integral part of QCD theory of strong interactions at high energy.}
}
