@article{stebel2020,
    author = "Golec-Biernat, Krzysztof and Stebel, Tomasz",
    title = "{Drell\textendash{}Yan production with the CCFM-K evolution}",
    eprint = "1911.10103",
    archivePrefix = "arXiv",
    primaryClass = "hep-ph",
    doi = "10.1140/epjc/s10052-020-8026-3",
    journal = "Eur. Phys. J. C",
    volume = "80",
    number = "5",
    pages = "455",
    year = "2020"
}
