@inbook{cambqcd,
	place={Cambridge},
	series={Cambridge Monographs on Particle Physics, Nuclear Physics and Cosmology}, 
	title={BFKL approach}, DOI={10.1017/CBO9780511711817.010}, 
	booktitle={Quantum Chromodynamics: Perturbative and Nonperturbative Aspects}, 
	publisher={Cambridge University Press}, 
	author={Ioffe, B. L. and Fadin, V. S. and Lipatov, L. N.}, 
	year={2010}, 
	pages={448â€“532}, 
	collection={Cambridge Monographs on Particle Physics, Nuclear Physics and Cosmology}}