@article{gbw1998,
	title = {Saturation effects in deep inelastic scattering at low ${Q}^{2}$ and its implications on diffraction},
	author = {Golec-Biernat, K. and W\"usthoff, M.},
	journal = {Phys. Rev. D},
	volume = {59},
	issue = {1},
	pages = {014017},
	numpages = {10},
	year = {1998},
	month = {Nov},
	publisher = {American Physical Society},
	doi = {10.1103/PhysRevD.59.014017},
	url = {https://link.aps.org/doi/10.1103/PhysRevD.59.014017}
}
