@article{H1:2013ktq,
    author = "Andreev, V. and others",
    collaboration = "H1",
    title = "{Measurement of inclusive $e p$ cross sections at high $Q^2$ at $\sqrt s =$ 225 and 252 GeV and of the longitudinal proton structure function $F_L$ at HERA}",
    eprint = "1312.4821",
    archivePrefix = "arXiv",
    primaryClass = "hep-ex",
    reportNumber = "DESY-13-211",
    doi = "10.1140/epjc/s10052-014-2814-6",
    journal = "Eur. Phys. J. C",
    volume = "74",
    number = "4",
    pages = "2814",
    year = "2014"
}    

@article{Angeles-Martinez:2015sea,
    author = "Angeles-Martinez, R. and others",
    title = "{Transverse Momentum Dependent (TMD) parton distribution functions: status and prospects}",
    eprint = "1507.05267",
    archivePrefix = "arXiv",
    primaryClass = "hep-ph",
    reportNumber = "DESY-15-111, NIKHEF-2015-023, RAL-P-2015-006, JLAB-THY-15-2020",
    doi = "10.5506/APhysPolB.46.2501",
    journal = "Acta Phys. Polon. B",
    volume = "46",
    number = "12",
    pages = "2501--2534",
    year = "2015"
}

@article{Hentschinski:2022rsa,
    author = "Hentschinski, Martin and Kutak, Krzysztof and Straka, Robert",
    title = "{Maximally entangled proton and charged hadron multiplicity in Deep Inelastic Scattering}",
    eprint = "2207.09430",
    archivePrefix = "arXiv",
    primaryClass = "hep-ph",
    month = "7",
    year = "2022"
}

@phdthesis{Kutak:2006rn,
    author = "Kutak, Krzysztof",
    title = "{Studies of the Triple Pomeron Vertex in Perturbative QCD and Its Applications in Phenomenology}",
    eprint = "hep-ph/0703068",
    archivePrefix = "arXiv",
    reportNumber = "DESY-THESIS-2006-034",
    doi = "10.3204/DESY-THESIS-2006-034",
    school = "Hamburg U.",
    year = "2006"
}
 
@article{Bartels:2002cj,
    author = "Bartels, J. and Golec-Biernat, Krzysztof J. and Kowalski, H.",
    title = "{A modification of the saturation model: DGLAP evolution}",
    eprint = "hep-ph/0203258",
    archivePrefix = "arXiv",
    reportNumber = "DESY-02-037",
    doi = "10.1103/PhysRevD.66.014001",
    journal = "Phys. Rev. D",
    volume = "66",
    pages = "014001",
    year = "2002"
}

@book{bronstein, 
	place={Berlin, Heidelberg}, 
	series={}, 
	title={Handbook of Mathematics}, 
	DOI={https://doi.org/10.1007/978-3-540-72122-2}, 
	publisher={Springer-Verlag Berlin Heidelberg}, 
	author={I.N. Bronshtein and 
		K.A. Semendyayev and 
		Gerhard Musiol and
		Heiner Mühlig
	},
 	year={2007}, 
	collection={},
	edition={6}
}
@book{Ioffe:2010zz,
    author = "Ioffe, Boris Lazarevich and Fadin, Victor Sergeevich and Lipatov, Lev Nikolaevich",
    title = "{Quantum chromodynamics: Perturbative and nonperturbative aspects}",
    doi = "10.1017/CBO9780511711817",
    isbn = "978-1-107-42475-3, 978-0-521-63148-8, 978-0-511-71744-4",
    publisher = "Cambridge Univ. Press",
    year = "2010"
}

	
@article{Collins:2016hqq,
    author = "Collins, J. and Gamberg, L. and Prokudin, A. and Rogers, T. C. and Sato, N. and Wang, B.",
    title = "{Relating Transverse Momentum Dependent and Collinear Factorization Theorems in a Generalized Formalism}",
    eprint = "1605.00671",
    archivePrefix = "arXiv",
    primaryClass = "hep-ph",
    reportNumber = "JLAB-THY-16-2245",
    doi = "10.1103/PhysRevD.94.034014",
    journal = "Phys. Rev. D",
    volume = "94",
    number = "3",
    pages = "034014",
    year = "2016"
}


@article{Collins:1984kg,
    author = "Collins, John C. and Soper, Davison E. and Sterman, George F.",
    title = "{Transverse Momentum Distribution in Drell-Yan Pair and W and Z Boson Production}",
    reportNumber = "CERN-TH-3923",
    doi = "10.1016/0550-3213(85)90479-1",
    journal = "Nucl. Phys. B",
    volume = "250",
    pages = "199--224",
    year = "1985"
}


@book{ellis1996, place={Cambridge}, series={Cambridge Monographs on Particle Physics, Nuclear Physics and Cosmology}, title={QCD and Collider Physics}, DOI={10.1017/CBO9780511628788}, publisher={Cambridge University Press}, author={Ellis, R. K. and Stirling, W. J. and Webber, B. R.}, year={1996}, collection={Cambridge Monographs on Particle Physics, Nuclear Physics and Cosmology}}

@article{Golec-Biernat:2006koa,
    author = "Golec-Biernat, Krzysztof J. and Sapeta, S.",
    title = "{Heavy flavour production in DGLAP improved saturation model}",
    eprint = "hep-ph/0607276",
    archivePrefix = "arXiv",
    doi = "10.1103/PhysRevD.74.054032",
    journal = "Phys. Rev. D",
    volume = "74",
    pages = "054032",
    year = "2006"
}

@article{Golec-Biernat:2017lfv,
    author = "Golec-Biernat, Krzysztof and Sapeta, Sebastian",
    title = "{Saturation model of DIS : an update}",
    eprint = "1711.11360",
    archivePrefix = "arXiv",
    primaryClass = "hep-ph",
    reportNumber = "IFJPAN-IV-2017-27",
    doi = "10.1007/JHEP03(2018)102",
    journal = "JHEP",
    volume = "03",
    pages = "102",
    year = "2018"
}

@article{Golec-Biernat:1998zce,
    author = "Golec-Biernat, Krzysztof J. and Wusthoff, M.",
    title = "{Saturation effects in deep inelastic scattering at low Q**2 and its implications on diffraction}",
    eprint = "hep-ph/9807513",
    archivePrefix = "arXiv",
    reportNumber = "DTP-98-50",
    doi = "10.1103/PhysRevD.59.014017",
    journal = "Phys. Rev. D",
    volume = "59",
    pages = "014017",
    year = "1998"
}


@article{golec,
  title = {Deep Inelastic Scattering at Small Values of the Bjorken Variable x (Habilitation thesis)},
  author = {Golec-Biernat, K.},
  journal = {},
  volume = {},
  issue = {},
  pages = {},
  numpages ={ },
  year = {2001},
  month = {August},
  publisher = {The Henryk Niewodniczanski Institute of Nuclear Physics},
  doi = {},
  url = {https://annapurna.ifj.edu.pl/~golec/data/teaching/files/wyklady/hab.pdf}
}
@article{Abt:2017nkc,
    author = "Abt, I. and Cooper-Sarkar, A. M. and Foster, B. and Myronenko, V. and Wichmann, K. and Wing, M.",
    title = "{Investigation into the limits of perturbation theory at low $Q^2$ using HERA deep inelastic scattering data}",
    eprint = "1704.03187",
    archivePrefix = "arXiv",
    primaryClass = "hep-ex",
    reportNumber = "DESY-17-051",
    doi = "10.1103/PhysRevD.96.014001",
    journal = "Phys. Rev. D",
    volume = "96",
    number = "1",
    pages = "014001",
    year = "2017"
}

@article{Kowalski:2003hm,
    author = "Kowalski, Henri and Teaney, Derek",
    title = "{An Impact parameter dipole saturation model}",
    eprint = "hep-ph/0304189",
    archivePrefix = "arXiv",
    doi = "10.1103/PhysRevD.68.114005",
    journal = "Phys. Rev. D",
    volume = "68",
    pages = "114005",
    year = "2003"
}
@article{impact,
  title = {Impact parameter dipole saturation model},
  author = {Kowalski, Henri and Teaney, Derek},
  journal = {Phys. Rev. D},
  volume = {68},
  issue = {11},
  pages = {114005},
  numpages = {18},
  year = {2003},
  month = {Dec},
  publisher = {American Physical Society},
  doi = {10.1103/PhysRevD.68.114005},
  url = {https://link.aps.org/doi/10.1103/PhysRevD.68.114005}
}
@inproceedings{ivanov2002,
    author = "Ivanov, I. P. and Nikolaev, N. N. and Schafer, W. and Zakharov, B. G. and Zoller, V. R.",
    title = "{Lectures on diffraction and saturation of nuclear partons in DIS off heavy nuclei}",
    booktitle = "{36th Annual Winter School on Nuclear and Particle Physics (PINP 2002) and 8th St. Petersburg School on Theoretical Physics}",
    eprint = "hep-ph/0212161",
    archivePrefix = "arXiv",
    month = "12",
    year = "2002"
}
@article{jk2006,
title = {Saturation physics and deuteron–gold collisions at RHIC},
journal = {Progress in Particle and Nuclear Physics},
volume = {56},
number = {1},
pages = {104-231},
year = {2006},
issn = {0146-6410},
doi = {https://doi.org/10.1016/j.ppnp.2005.07.002},
url = {https://www.sciencedirect.com/science/article/pii/S0146641005000797},
author = {Jamal Jalilian-Marian and Yuri V. Kovchegov},
keywords = {Saturation, Color glass condensate, Proton (Deuteron)-nucleus collisions, Particle production, RHIC, LHC, Non-linear small  evolution},
abstract = {We present a review of parton saturation/Color Glass Condensate physics in the context of deuteron–gold (d+Au) collisions at RHIC. Color Glass Condensate physics is a universal description of all high energy hadronic and nuclear interactions. It comprises classical (McLerran–Venugopalan model and Glauber–Mueller rescatterings) and quantum evolution (JIMWLK and BK equations) effects both in small-x hadronic and nuclear wave functions and in the high energy scattering processes. Proton–nucleus (or d+A) collisions present a unique opportunity to study Color Glass Condensate predictions, since many relevant observables in proton–nucleus collisions are reasonably well-understood theoretically in the Color Glass Condensate approach. In this article we review the basics of saturation/Color Glass Condensate physics and reproduce derivations of many important observables in proton (deuteron)–nucleus collisions. We compare the predictions of Color Glass physics to the data generated by d+Au experiments at RHIC and observe an agreement between the data and the theory, indicating that Color Glass Condensate has probably been discovered at RHIC. We point out further experimental measurements which need to be carried out to test the discovery.}
}

@article{Kutak:2004ym,
    author = "Kutak, K. and Stasto, A. M.",
    title = "{Unintegrated gluon distribution from modified BK equation}",
    eprint = "hep-ph/0408117",
    archivePrefix = "arXiv",
    reportNumber = "DESY-04-139",
    doi = "10.1140/epjc/s2005-02223-0",
    journal = "Eur. Phys. J. C",
    volume = "41",
    pages = "343--351",
    year = "2005"
}



@article{minuit,
title = {Minuit - a system for function minimization and analysis of the parameter errors and correlations},
journal = {Computer Physics Communications},
volume = {10},
number = {6},
pages = {343-367},
year = {1975},
issn = {0010-4655},
doi = {https://doi.org/10.1016/0010-4655(75)90039-9},
url = {https://www.sciencedirect.com/science/article/pii/0010465575900399},
author = {F. James and M. Roos}
}

@article{Mueller:2016gko,
    author = "Mueller, A. H. and Wu, Bin and Xiao, Bo-Wen and Yuan, Feng",
    title = "{Probing Transverse Momentum Broadening in Heavy Ion Collisions}",
    eprint = "1604.04250",
    archivePrefix = "arXiv",
    primaryClass = "hep-ph",
    doi = "10.1016/j.physletb.2016.10.037",
    journal = "Phys. Lett. B",
    volume = "763",
    pages = "208--212",
    year = "2016"
}


@article{nikolaev1994,
title = {On determination of the large-1x gluon distribution at HERA},
journal = {Physics Letters B},
volume = {332},
number = {1},
pages = {184-190},
year = {1994},
issn = {0370-2693},
doi = {https://doi.org/10.1016/0370-2693(94)90877-X},
url = {https://www.sciencedirect.com/science/article/pii/037026939490877X},
author = {N.N. Nikolaev and B.G. Zakharov},
abstract = {We discuss corrections to the leading-log Q2 relationships between the gluon density g(x, Q2) and FL(x, Q2), ∂FT(x, Q2)/∂ log Q2 in the HERA range of large 1x. We find that the above quantities probe the gluon density g(x, QT,L2) at QT,L2 = CT,LQ2, with the Q2-rescaling factors CT ≈ 2.2 and CL ≈ 0.42. The possibility of treating charm as an active flavour is critically re-examined.}
}@article{nikolaev2001,
title = {Color Transparency},
journal = {Nuclear Physics B - Proceedings Supplements},
volume = {99},
number = {1},
pages = {249-256},
year = {2001},
note = {International Workshop on Diffraction in High-Energy Physics},
issn = {0920-5632},
doi = {https://doi.org/10.1016/S0920-5632(01)01343-3},
url = {https://www.sciencedirect.com/science/article/pii/S0920563201013433},
author = {N.N. Nikolev},
abstract = {I review the current status of color transparency as an integral part of QCD theory of strong interactions at high energy.}
}@article{nikolaev2002,
title = {Color Transparency},
journal = {Nuclear Physics B - Proceedings Supplements},
volume = {99},
number = {1},
pages = {249-256},
year = {2001},
note = {International Workshop on Diffraction in High-Energy Physics},
issn = {0920-5632},
doi = {https://doi.org/10.1016/S0920-5632(01)01343-3},
url = {https://www.sciencedirect.com/science/article/pii/S0920563201013433},
author = {N.N. Nikolev},
abstract = {I review the current status of color transparency as an integral part of QCD theory of strong interactions at high energy.}
}

@article{Prokudin:2015ysa,
    author = "Prokudin, Alexei and Sun, Peng and Yuan, Feng",
    title = "{Scheme dependence and transverse momentum distribution interpretation of Collins\textendash{}Soper\textendash{}Sterman resummation}",
    eprint = "1505.05588",
    archivePrefix = "arXiv",
    primaryClass = "hep-ph",
    reportNumber = "JLAB-THY-15-2047",
    doi = "10.1016/j.physletb.2015.09.064",
    journal = "Phys. Lett. B",
    volume = "750",
    pages = "533--538",
    year = "2015"
}

@article{stasto2018,
title = {On the dihadron angular correlations in forward pA collisions},
journal = {Physics Letters B},
volume = {784},
pages = {301-306},
year = {2018},
issn = {0370-2693},
doi = {https://doi.org/10.1016/j.physletb.2018.08.011},
url = {https://www.sciencedirect.com/science/article/pii/S0370269318306142},
author = {Anna Stasto and Shu-Yi Wei and Bo-Wen Xiao and Feng Yuan},
abstract = {Dihadron angular correlations in forward pA collisions have been considered as one of the most sensitive observables to the gluon saturation effects. In general, both parton shower effects and saturation effects are responsible for the back-to-back dihadron angular de-correlations. With the recent progress in the saturation formalism, we can incorporate the parton shower effect by adding the corresponding Sudakov factor in the saturation framework. In this paper, we carry out the first detailed numerical study in this regard, and find a very good agreement with previous RHIC pp and dAu data. This study can help us to establish a baseline in pp collisions which contains little saturation effects, and further make predictions for dihadron angular correlations in pAu collisions, which will allow to search for the signal of parton saturation.}
}
@article{stebel2020,
    author = "Golec-Biernat, Krzysztof and Stebel, Tomasz",
    title = "{Drell\textendash{}Yan production with the CCFM-K evolution}",
    eprint = "1911.10103",
    archivePrefix = "arXiv",
    primaryClass = "hep-ph",
    doi = "10.1140/epjc/s10052-020-8026-3",
    journal = "Eur. Phys. J. C",
    volume = "80",
    number = "5",
    pages = "455",
    year = "2020"
}






@article{sun2018,
author = {Sun, Peng and Isaacson, Joshua and Yuan, C.-P. and Yuan, Feng},
title = {Nonperturbative functions for SIDIS and Drell–Yan processes},
journal = {International Journal of Modern Physics A},
volume = {33},
number = {11},
pages = {1841006},
year = {2018},
doi = {10.1142/S0217751X18410063},

URL = { 
        https://doi.org/10.1142/S0217751X18410063
    
},
eprint = { 
        https://doi.org/10.1142/S0217751X18410063
    
}
,
    abstract = { We update the well-known BLNY fit to the low transverse momentum Drell–Yan lepton pair productions in hadronic collisions, by considering the constraints from the semi-inclusive hadron production in deep inelastic scattering (SIDIS) from HERMES and COMPASS experiments. We follow the Collins–Soper–Sterman (CSS) formalism with the b∗-prescription. A nonperturbative form factor associated with the transverse momentum dependent quark distributions is found in the analysis with a new functional form different from that of BLNY. This releases the tension between the BLNY fit to the Drell–Yan data with the SIDIS data from HERMES/COMPASS in the CSS resummation formalism. }
}

@article{Beuf:2017bpd,
    author = "Beuf, Guillaume",
    title = "{Dipole factorization for DIS at NLO: Combining the $q\bar{q}$ and $q\bar{q}g$ contributions}",
    eprint = "1708.06557",
    archivePrefix = "arXiv",
    primaryClass = "hep-ph",
    doi = "10.1103/PhysRevD.96.074033",
    journal = "Phys. Rev. D",
    volume = "96",
    number = "7",
    pages = "074033",
    year = "2017"
}


@article{Beuf:2020dxl,
    author = {Beuf, G. and H\"anninen, H. and Lappi, T. and M\"antysaari, H.},
    title = "{Color Glass Condensate at next-to-leading order meets HERA data}",
    eprint = "2007.01645",
    archivePrefix = "arXiv",
    primaryClass = "hep-ph",
    doi = "10.1103/PhysRevD.102.074028",
    journal = "Phys. Rev. D",
    volume = "102",
    pages = "074028",
    year = "2020"
}

@article{Balitsky:1995ub,
    author = "Balitsky, I.",
    title = "{Operator expansion for high-energy scattering}",
    eprint = "hep-ph/9509348",
    archivePrefix = "arXiv",
    reportNumber = "MIT-CTP-2470",
    doi = "10.1016/0550-3213(95)00638-9",
    journal = "Nucl. Phys. B",
    volume = "463",
    pages = "99--160",
    year = "1996"
}

@article{Kovchegov:1999yj,
    author = "Kovchegov, Yuri V.",
    title = "{Small x F(2) structure function of a nucleus including multiple pomeron exchanges}",
    eprint = "hep-ph/9901281",
    archivePrefix = "arXiv",
    reportNumber = "NUC-MN-99-1-T, TPI-MINN-99-05",
    doi = "10.1103/PhysRevD.60.034008",
    journal = "Phys. Rev. D",
    volume = "60",
    pages = "034008",
    year = "1999"
}



@article{JalilianMarian:1997jx,
      author         = "Jalilian-Marian, Jamal and Kovner, Alex and Leonidov,
                        Andrei and Weigert, Heribert",
      title          = "{The BFKL equation from the Wilson renormalization
                        group}",
      journal        = "Nucl. Phys.",
      volume         = "B504",
      year           = "1997",
      pages          = "415-431",
      doi            = "10.1016/S0550-3213(97)00440-9",
      eprint         = "hep-ph/9701284",
      archivePrefix  = "arXiv",
      primaryClass   = "hep-ph",
      reportNumber   = "TPI-MINN-96-28-T, NUC-MINN-96-22-T, HEP-MINN-96-1524",
      SLACcitation   = "%%CITATION = HEP-PH/9701284;%%"
}



@article{JalilianMarian:1997gr,
      author         = "Jalilian-Marian, Jamal and Kovner, Alex and Leonidov,
                        Andrei and Weigert, Heribert",
      title          = "{The Wilson renormalization group for low x physics:
                        Towards the high density regime}",
      journal        = "Phys. Rev.",
      volume         = "D59",
      year           = "1998",
      pages          = "014014",
      doi            = "10.1103/PhysRevD.59.014014",
      eprint         = "hep-ph/9706377",
      archivePrefix  = "arXiv",
      primaryClass   = "hep-ph",
      reportNumber   = "TPI-MINN-97-20-T, NUC-MINN-97-6-T, HEP-MINN-97-1546,
                        CAVENDISH-HEP-97-09",
      SLACcitation   = "%%CITATION = HEP-PH/9706377;%%"
}


@article{JalilianMarian:1997dw,
      author         = "Jalilian-Marian, Jamal and Kovner, Alex and Weigert,
                        Heribert",
      title          = "{The Wilson renormalization group for low x physics:
                        Gluon evolution at finite parton density}",
      journal        = "Phys. Rev.",
      volume         = "D59",
      year           = "1998",
      pages          = "014015",
      doi            = "10.1103/PhysRevD.59.014015",
      eprint         = "hep-ph/9709432",
      archivePrefix  = "arXiv",
      primaryClass   = "hep-ph",
      reportNumber   = "TPI-MINN-97-26, NUC-MINN-97-11-T, HEP-MINN-1607,
                        OUTP-97-45-P, CAVENDISH-HEP-97-15",
      SLACcitation   = "%%CITATION = HEP-PH/9709432;%%"
}


@article{Kovner:2000pt,
      author         = "Kovner, Alex and Milhano, J. Guilherme and Weigert,
                        Heribert",
      title          = "{Relating different approaches to nonlinear QCD evolution
                        at finite gluon density}",
      journal        = "Phys. Rev.",
      volume         = "D62",
      year           = "2000",
      pages          = "114005",
      doi            = "10.1103/PhysRevD.62.114005",
      eprint         = "hep-ph/0004014",
      archivePrefix  = "arXiv",
      primaryClass   = "hep-ph",
      reportNumber   = "OUTP-00-10-P, NORDITA-2000-14-HE",
      SLACcitation   = "%%CITATION = HEP-PH/0004014;%%"
}


@article{Kovner:1999bj,
      author         = "Kovner, Alex and Milhano, J. Guilherme",
      title          = "{Vector potential versus color charge density in low x
                        evolution}",
      journal        = "Phys. Rev.",
      volume         = "D61",
      year           = "2000",
      pages          = "014012",
      doi            = "10.1103/PhysRevD.61.014012",
      eprint         = "hep-ph/9904420",
      archivePrefix  = "arXiv",
      primaryClass   = "hep-ph",
      reportNumber   = "OUTP-99-22-P, OUTP-99-22P",
      SLACcitation   = "%%CITATION = HEP-PH/9904420;%%"
}


@article{Weigert:2000gi,
      author         = "Weigert, Heribert",
      title          = "{Unitarity at small Bjorken x}",
      journal        = "Nucl. Phys.",
      volume         = "A703",
      year           = "2002",
      pages          = "823-860",
      doi            = "10.1016/S0375-9474(01)01668-2",
      eprint         = "hep-ph/0004044",
      archivePrefix  = "arXiv",
      primaryClass   = "hep-ph",
      reportNumber   = "NORDITA-2000-34-HE",
      SLACcitation   = "%%CITATION = HEP-PH/0004044;%%"
}


@article{Gelis:2010nm,
      author         = "Gelis, Francois and Iancu, Edmond and Jalilian-Marian,
                        Jamal and Venugopalan, Raju",
      title          = "{The Color Glass Condensate}",
      journal        = "Ann. Rev. Nucl. Part. Sci.",
      volume         = "60",
      year           = "2010",
      pages          = "463-489",
      doi            = "10.1146/annurev.nucl.010909.083629",
      eprint         = "1002.0333",
      archivePrefix  = "arXiv",
      primaryClass   = "hep-ph",
      SLACcitation   = "%%CITATION = ARXIV:1002.0333;%%"
}



@article{Iancu:2000hn,
      author         = "Iancu, Edmond and Leonidov, Andrei and McLerran, Larry
                        D.",
      title          = "{Nonlinear gluon evolution in the color glass condensate.
                        1.}",
      journal        = "Nucl. Phys.",
      volume         = "A692",
      year           = "2001",
      pages          = "583-645",
      doi            = "10.1016/S0375-9474(01)00642-X",
      eprint         = "hep-ph/0011241",
      archivePrefix  = "arXiv",
      primaryClass   = "hep-ph",
      reportNumber   = "SACLAY-T00-166, BNL-NT-00-24",
      SLACcitation   = "%%CITATION = HEP-PH/0011241;%%"
}

@article{Lipatov:2019nbx,
    author = "Lipatov, A.V. and Malyshev, M.A. and Jung, H.",
    title = "{TMD parton shower effects in associated $\gamma +$ jet production at the LHC}",
    eprint = "1906.10552",
    archivePrefix = "arXiv",
    primaryClass = "hep-ph",
    reportNumber = "DESY-19-114",
    doi = "10.1103/PhysRevD.100.034028",
    journal = "Phys. Rev. D",
    volume = "100",
    number = "3",
    pages = "034028",
    year = "2019"
}

@article{Golec-Biernat:1999qor,
    author = "Golec-Biernat, Krzysztof J. and Wusthoff, M.",
    title = "{Saturation in diffractive deep inelastic scattering}",
    eprint = "hep-ph/9903358",
    archivePrefix = "arXiv",
    reportNumber = "DTP-99-20",
    doi = "10.1103/PhysRevD.60.114023",
    journal = "Phys. Rev. D",
    volume = "60",
    pages = "114023",
    year = "1999"
}

@article{Motyka:2002ww,
    author = "Motyka, L. and Timneanu, N.",
    title = "{Unintegrated gluon in the photon and heavy quark production}",
    eprint = "hep-ph/0209029",
    archivePrefix = "arXiv",
    reportNumber = "TSL-ISV-2002-0265",
    doi = "10.1140/epjc/s2002-01100-8",
    journal = "Eur. Phys. J. C",
    volume = "27",
    pages = "73--85",
    year = "2003"
}

@article{Kutak:2009zk,
    author = "Kutak, Krzysztof",
    title = "{Saturation and linear transport equation}",
    eprint = "0903.3521",
    archivePrefix = "arXiv",
    primaryClass = "hep-ph",
    reportNumber = "DESY-09-043",
    doi = "10.1016/j.physletb.2009.04.042",
    journal = "Phys. Lett. B",
    volume = "675",
    pages = "332--335",
    year = "2009"
}

@book{Kovchegov:2012mbw,
    author = "Kovchegov, Yuri V. and Levin, Eugene",
    title = "{Quantum chromodynamics at high energy}",
    doi = "10.1017/CBO9781139022187",
    isbn = "978-0-521-11257-4, 978-1-139-55768-9",
    publisher = "Cambridge University Press",
    volume = "33",
    month = "8",
    year = "2012"
}


@article{Xiao:2017yya,
    author = "Xiao, Bo-Wen and Yuan, Feng and Zhou, Jian",
    title = "{Transverse Momentum Dependent Parton Distributions at Small-x}",
    eprint = "1703.06163",
    archivePrefix = "arXiv",
    primaryClass = "hep-ph",
    doi = "10.1016/j.nuclphysb.2017.05.012",
    journal = "Nucl. Phys. B",
    volume = "921",
    pages = "104--126",
    year = "2017"
}


@article{Mueller:2012uf,
    author = "Mueller, A. H. and Xiao, Bo-Wen and Yuan, Feng",
    title = "{Sudakov Resummation in Small-$x$ Saturation Formalism}",
    eprint = "1210.5792",
    archivePrefix = "arXiv",
    primaryClass = "hep-ph",
    doi = "10.1103/PhysRevLett.110.082301",
    journal = "Phys. Rev. Lett.",
    volume = "110",
    number = "8",
    pages = "082301",
    year = "2013"
}


@article{Kimber:1999xc,
    author = "Kimber, M. A. and Martin, Alan D. and Ryskin, M. G.",
    title = "{Unintegrated parton distributions and prompt photon hadroproduction}",
    eprint = "hep-ph/9911379",
    archivePrefix = "arXiv",
    reportNumber = "DTP-99-100",
    doi = "10.1007/s100520000326",
    journal = "Eur. Phys. J. C",
    volume = "12",
    pages = "655--661",
    year = "2000"
}



@article{kimber2001,
  title = {Unintegrated parton distributions},
  author = {Kimber, M. A. and Martin, A. D. and Ryskin, M. G.},
  journal = {Phys. Rev. D},
  volume = {63},
  issue = {11},
  pages = {114027},
  numpages = {10},
  year = {2001},
  month = {May},
  publisher = {American Physical Society},
  doi = {10.1103/PhysRevD.63.114027},
  url = {https://link.aps.org/doi/10.1103/PhysRevD.63.114027}
}

@article{Kimber:2000bg,
    author = "Kimber, M. A. and Kwiecinski, J. and Martin, Alan D. and Stasto, A. M.",
    title = "{The Unintegrated gluon distribution from the CCFM equation}",
    eprint = "hep-ph/0006184",
    archivePrefix = "arXiv",
    reportNumber = "DTP-00-34",
    doi = "10.1103/PhysRevD.62.094006",
    journal = "Phys. Rev. D",
    volume = "62",
    pages = "094006",
    year = "2000"
}


@book{roberts_1990, place={Cambridge}, series={Cambridge Monographs on Mathematical Physics}, title={The Structure of the Proton: Deep Inelastic Scattering}, DOI={10.1017/CBO9780511564062}, publisher={Cambridge University Press}, author={Roberts, R. G.}, year={1990}, collection={Cambridge Monographs on Mathematical Physics}}

@book{collins_2011, place={Cambridge}, series={Cambridge Monographs on Particle Physics, Nuclear Physics and Cosmology}, title={Foundations of Perturbative QCD}, DOI={10.1017/CBO9780511975592}, publisher={Cambridge University Press}, author={Collins, John}, year={2011}, collection={Cambridge Monographs on Particle Physics, Nuclear Physics and Cosmology}}

@BOOK{NAP25171,  
collaboration    = {National Academies of Sciences, Engineering, and Medicine},
title     = {An Assessment of U.S.-Based Electron-Ion Collider Science},  
isbn      = "978-0-309-47856-4",  doi       = "10.17226/25171",
  url       = {https://nap.nationalacademies.org/catalog/25171/an-assessment-of-us-based-electron-ion-collider-science},
  year      ="2018",
  publisher = "The National Academies Press",
  address   = "Washington, DC"
}



@article{Kuraev:1977fs,
    author = "Kuraev, E. A. and Lipatov, L. N. and Fadin, Victor S.",
    title = "{The Pomeranchuk Singularity in Nonabelian Gauge Theories}",
    journal = "Sov. Phys. JETP",
    volume = "45",
    pages = "199--204",
    year = "1977"
}
@article{Balitsky:1978ic,
    author = "Balitsky, I. I. and Lipatov, L. N.",
    title = "{The Pomeranchuk Singularity in Quantum Chromodynamics}",
    journal = "Sov. J. Nucl. Phys.",
    volume = "28",
    pages = "822--829",
    year = "1978"
}

@article{McLerran:1993ni,
    author = "McLerran, Larry D. and Venugopalan, Raju",
    title = "{Computing quark and gluon distribution functions for very large nuclei}",
    eprint = "hep-ph/9309289",
    archivePrefix = "arXiv",
    reportNumber = "TPI-MINN-93-44-T, NUC-MINN-93-24-T, HEP-UMN-TH-1220-93",
    doi = "10.1103/PhysRevD.49.2233",
    journal = "Phys. Rev. D",
    volume = "49",
    pages = "2233--2241",
    year = "1994"
}

@article{H1:2015ubc,
    author = "Abramowicz, H. and others",
    collaboration = "H1, ZEUS",
    title = "{Combination of measurements of inclusive deep inelastic ${e^{\pm }p}$ scattering cross sections and QCD analysis of HERA data}",
    eprint = "1506.06042",
    archivePrefix = "arXiv",
    primaryClass = "hep-ex",
    reportNumber = "DESY-15-039",
    doi = "10.1140/epjc/s10052-015-3710-4",
    journal = "Eur. Phys. J. C",
    volume = "75",
    number = "12",
    pages = "580",
    year = "2015"
}
@article{H1:2009pze,
    author = "Aaron, F. D. and others",
    collaboration = "H1, ZEUS",
    title = "{Combined Measurement and QCD Analysis of the Inclusive e+- p Scattering Cross Sections at HERA}",
    eprint = "0911.0884",
    archivePrefix = "arXiv",
    primaryClass = "hep-ex",
    reportNumber = "DESY-09-158",
    doi = "10.1007/JHEP01(2010)109",
    journal = "JHEP",
    volume = "01",
    pages = "109",
    year = "2010"
}
@inproceedings{Iancu:2002xk,
    author = "Iancu, Edmond and Leonidov, Andrei and McLerran, Larry",
    title = "{The Color glass condensate: An Introduction}",
    booktitle = "{Cargese Summer School on QCD Perspectives on Hot and Dense Matter}",
    eprint = "hep-ph/0202270",
    archivePrefix = "arXiv",
    reportNumber = "SACLAY-T02-024",
    pages = "73--145",
    month = "2",
    year = "2002"
}
@article{Kovchegov:1996ty,
    author = "Kovchegov, Yuri V.",
    title = "{NonAbelian Weizsacker-Williams field and a two-dimensional effective color charge density for a very large nucleus}",
    eprint = "hep-ph/9605446",
    archivePrefix = "arXiv",
    reportNumber = "CU-TP-753",
    doi = "10.1103/PhysRevD.54.5463",
    journal = "Phys. Rev. D",
    volume = "54",
    pages = "5463--5469",
    year = "1996"
}
@article{Jalilian-Marian:1996mkd,
    author = "Jalilian-Marian, Jamal and Kovner, Alex and McLerran, Larry D. and Weigert, Heribert",
    title = "{The Intrinsic glue distribution at very small x}",
    eprint = "hep-ph/9606337",
    archivePrefix = "arXiv",
    reportNumber = "TPI-MINN-96-1429, NUC-MINN-96-10-T, TPI-MINN-96-08",
    doi = "10.1103/PhysRevD.55.5414",
    journal = "Phys. Rev. D",
    volume = "55",
    pages = "5414--5428",
    year = "1997"
}
@article{Iancu:2001ad,
    author = "Iancu, Edmond and Leonidov, Andrei and McLerran, Larry D.",
    title = "{The Renormalization group equation for the color glass condensate}",
    eprint = "hep-ph/0102009",
    archivePrefix = "arXiv",
    reportNumber = "BNL-NT-01-3",
    doi = "10.1016/S0370-2693(01)00524-X",
    journal = "Phys. Lett. B",
    volume = "510",
    pages = "133--144",
    year = "2001"
}
@article{Ferreiro:2001qy,
    author = "Ferreiro, Elena and Iancu, Edmond and Leonidov, Andrei and McLerran, Larry",
    title = "{Nonlinear gluon evolution in the color glass condensate. 2.}",
    eprint = "hep-ph/0109115",
    archivePrefix = "arXiv",
    reportNumber = "SACLAY-T01-085, BNL-NT-01-21",
    doi = "10.1016/S0375-9474(01)01329-X",
    journal = "Nucl. Phys. A",
    volume = "703",
    pages = "489--538",
    year = "2002"
}
@article{Ayala:1995kg,
    author = "Ayala, Alejandro and Jalilian-Marian, Jamal and McLerran, Larry D. and Venugopalan, Raju",
    title = "{The Gluon propagator in nonAbelian Weizsacker-Williams fields}",
    eprint = "hep-ph/9501324",
    archivePrefix = "arXiv",
    reportNumber = "TPI-MINN-94-40-T, NUC-MINN-94-6-T, HEP-MINN-94-1321, DOE-ER-40561-175, INT-94-00-78",
    doi = "10.1103/PhysRevD.52.2935",
    journal = "Phys. Rev. D",
    volume = "52",
    pages = "2935--2943",
    year = "1995"
}

@article{Forshaw:1999uf,
    author = "Forshaw, Jeffrey R. and Kerley, G. and Shaw, Graham",
    title = "{Extracting the dipole cross-section from photoproduction and electroproduction total cross-section data}",
    eprint = "hep-ph/9903341",
    archivePrefix = "arXiv",
    reportNumber = "CERN-TH-99-58, MC-TH-99-3",
    doi = "10.1103/PhysRevD.60.074012",
    journal = "Phys. Rev. D",
    volume = "60",
    pages = "074012",
    year = "1999"
}
@article{Watt:2007nr,
    author = "Watt, G. and Kowalski, H.",
    title = "{Impact parameter dependent colour glass condensate dipole model}",
    eprint = "0712.2670",
    archivePrefix = "arXiv",
    primaryClass = "hep-ph",
    doi = "10.1103/PhysRevD.78.014016",
    journal = "Phys. Rev. D",
    volume = "78",
    pages = "014016",
    year = "2008"
}


@article{Kwiecinski:1997ee,
    author = "Kwiecinski, J. and Martin, Alan D. and Stasto, A. M.",
    title = "{A Unified BFKL and GLAP description of F2 data}",
    eprint = "hep-ph/9703445",
    archivePrefix = "arXiv",
    reportNumber = "DTP-97-18",
    doi = "10.1103/PhysRevD.56.3991",
    journal = "Phys. Rev. D",
    volume = "56",
    pages = "3991--4006",
    year = "1997"
}


@article{Ciafaloni:2003ek,
    author = "Ciafaloni, M. and Colferai, D. and Colferai, D. and Salam, G. P. and Stasto, A. M.",
    title = "{Extending QCD perturbation theory to higher energies}",
    eprint = "hep-ph/0305254",
    archivePrefix = "arXiv",
    reportNumber = "DESY-03-064, DFF-403-05-03, LPTHE-03-15",
    doi = "10.1016/j.physletb.2003.09.078",
    journal = "Phys. Lett. B",
    volume = "576",
    pages = "143--151",
    year = "2003"
}

@article{Ciafaloni:2003rd,
    author = "Ciafaloni, M. and Colferai, D. and Salam, G. P. and Stasto, A. M.",
    title = "{Renormalization group improved small x Green's function}",
    eprint = "hep-ph/0307188",
    archivePrefix = "arXiv",
    reportNumber = "DESY-03-060, DFF-404-05-03, LPTHE-03-20",
    doi = "10.1103/PhysRevD.68.114003",
    journal = "Phys. Rev. D",
    volume = "68",
    pages = "114003",
    year = "2003"
}

@article{Ciafaloni:2003kd,
    author = "Ciafaloni, Marcello and Colferai, Dimitri and Salam, Gavin P. and Stasto, Anna M.",
    title = "{The Gluon splitting function at moderately small x}",
    eprint = "hep-ph/0311325",
    archivePrefix = "arXiv",
    reportNumber = "DESY-03-185, DFF-409-11-03, LPTHE-03-34",
    doi = "10.1016/j.physletb.2004.02.054",
    journal = "Phys. Lett. B",
    volume = "587",
    pages = "87--94",
    year = "2004"
}

@article{Andersson:1997bx,
    author = "Andersson, Bo and Gustafson, G. and Kharraziha, H.",
    title = "{Investigations into the BFKL mechanism with a running QCD coupling}",
    eprint = "hep-ph/9711403",
    archivePrefix = "arXiv",
    reportNumber = "LU-TP-97-29",
    doi = "10.1103/PhysRevD.57.5543",
    journal = "Phys. Rev. D",
    volume = "57",
    pages = "5543--5554",
    year = "1998"
}

@article{Salam:1998tj,
    author = "Salam, G. P.",
    title = "{A Resummation of large subleading corrections at small x}",
    eprint = "hep-ph/9806482",
    archivePrefix = "arXiv",
    reportNumber = "IFUM-627-FT",
    doi = "10.1088/1126-6708/1998/07/019",
    journal = "JHEP",
    volume = "07",
    pages = "019",
    year = "1998"
}

@article{Fadin:1998py,
    author = "Fadin, Victor S. and Lipatov, L. N.",
    title = "{BFKL pomeron in the next-to-leading approximation}",
    eprint = "hep-ph/9802290",
    archivePrefix = "arXiv",
    reportNumber = "DESY-98-033",
    doi = "10.1016/S0370-2693(98)00473-0",
    journal = "Phys. Lett. B",
    volume = "429",
    pages = "127--134",
    year = "1998"
}

@article{Mueller:1985wy,
    author = "Mueller, Alfred H. and Qiu, Jian-wei",
    title = "{Gluon Recombination and Shadowing at Small Values of x}",
    reportNumber = "CU-TP-322",
    doi = "10.1016/0550-3213(86)90164-1",
    journal = "Nucl. Phys. B",
    volume = "268",
    pages = "427--452",
    year = "1986"
}


@article{Li:2022avs,
    author = "Li, Wanchen and Stasto, Anna M.",
    title = "{Structure functions from renormalization group improved small x evolution}",
    eprint = "2201.10579",
    archivePrefix = "arXiv",
    primaryClass = "hep-ph",
    doi = "10.1140/epjc/s10052-022-10523-6",
    journal = "Eur. Phys. J. C",
    volume = "82",
    number = "6",
    pages = "562",
    year = "2022"
}

@article{Hentschinski:2012kr,
    author = "Hentschinski, Martin and Sabio Vera, Agust\'\i{}n and Salas, Clara",
    title = "{Hard to Soft Pomeron Transition in Small-x Deep Inelastic Scattering Data Using Optimal Renormalization}",
    eprint = "1209.1353",
    archivePrefix = "arXiv",
    primaryClass = "hep-ph",
    doi = "10.1103/PhysRevLett.110.041601",
    journal = "Phys. Rev. Lett.",
    volume = "110",
    number = "4",
    pages = "041601",
    year = "2013"
}

@article{Gribov:1983ivg,
    author = "Gribov, L. V. and Levin, E. M. and Ryskin, M. G.",
    title = "{Semihard Processes in QCD}",
    doi = "10.1016/0370-1573(83)90022-4",
    journal = "Phys. Rept.",
    volume = "100",
    pages = "1--150",
    year = "1983"
}


@article{Gribov:1981ac,
    author = "Gribov, L. V. and Levin, E. M. and Ryskin, M. G.",
    title = "{Singlet Structure Function at Small x: Unitarization of Gluon Ladders}",
    doi = "10.1016/0550-3213(81)90007-9",
    journal = "Nucl. Phys. B",
    volume = "188",
    pages = "555--576",
    year = "1981"
}

@article{vanHameren:2020rqt,
    author = "van Hameren, A. and Kotko, P. and Kutak, K. and Sapeta, S.",
    title = "{Sudakov effects in central-forward dijet production in high energy factorization}",
    eprint = "2010.13066",
    archivePrefix = "arXiv",
    primaryClass = "hep-ph",
    reportNumber = "IFJPAN-IV-2020-8",
    doi = "10.1016/j.physletb.2021.136078",
    journal = "Phys. Lett. B",
    volume = "814",
    pages = "136078",
    year = "2021"
}
@article{VanHaevermaet:2020rro,
    author = "Van Haevermaet, H. and Van Hameren, A. and Kotko, P. and Kutak, K. and Van Mechelen, P.",
    title = "{Trijets in $k_\mathrm{T}$-factorisation: matrix elements vs parton shower}",
    eprint = "2004.07551",
    archivePrefix = "arXiv",
    primaryClass = "hep-ph",
    doi = "10.1140/epjc/s10052-020-8193-2",
    journal = "Eur. Phys. J. C",
    volume = "80",
    number = "7",
    pages = "610",
    year = "2020"
}
@article{Iancu:2003ge,
    author = "Iancu, E. and Itakura, K. and Munier, S.",
    title = "{Saturation and BFKL dynamics in the HERA data at small x}",
    eprint = "hep-ph/0310338",
    archivePrefix = "arXiv",
    reportNumber = "SACLAY-SPHT-T03-156, CPHT-RR-046-1003",
    doi = "10.1016/j.physletb.2004.02.040",
    journal = "Phys. Lett. B",
    volume = "590",
    pages = "199--208",
    year = "2004"
}

@article{Hautmann:2017fcj,
    author = "Hautmann, F. and Jung, H. and Lelek, A. and Radescu, V. and Zlebcik, R.",
    title = "{Collinear and TMD Quark and Gluon Densities from Parton Branching Solution of QCD Evolution Equations}",
    eprint = "1708.03279",
    archivePrefix = "arXiv",
    primaryClass = "hep-ph",
    reportNumber = "DESY-17-118",
    doi = "10.1007/JHEP01(2018)070",
    journal = "JHEP",
    volume = "01",
    pages = "070",
    year = "2018"
}

@article{BermudezMartinez:2018fsv,
    author = "Bermudez Martinez, A. and Connor, P. and Jung, H. and Lelek, A. and \v{Z}leb\v{c}\'\i{}k, R. and Hautmann, F. and Radescu, V.",
    title = "{Collinear and TMD parton densities from fits to precision DIS measurements in the parton branching method}",
    eprint = "1804.11152",
    archivePrefix = "arXiv",
    primaryClass = "hep-ph",
    reportNumber = "DESY 18-042, DESY-18-042",
    doi = "10.1103/PhysRevD.99.074008",
    journal = "Phys. Rev. D",
    volume = "99",
    number = "7",
    pages = "074008",
    year = "2019"
}

@article{Hautmann:2022xuc,
    author = "Hautmann, F. and Hentschinski, M. and Keersmaekers, L. and Kusina, A. and Kutak, K. and Lelek, A.",
    title = "{A parton branching with transverse momentum dependent splitting functions}",
    eprint = "2205.15873",
    archivePrefix = "arXiv",
    primaryClass = "hep-ph",
    reportNumber = "CERN-TH-2022-087, IFJPAN-IV-2022-8",
    doi = "10.1016/j.physletb.2022.137276",
    journal = "Phys. Lett. B",
    volume = "833",
    pages = "137276",
    year = "2022"
}

@article{Ciafaloni:1987ur,
    author = "Ciafaloni, Marcello",
    title = "{Coherence Effects in Initial Jets at Small q**2 / s}",
    reportNumber = "CERN-TH-4672-87",
    doi = "10.1016/0550-3213(88)90380-X",
    journal = "Nucl. Phys. B",
    volume = "296",
    pages = "49--74",
    year = "1988"
}


@article{Jung:2010si,
    author = "Jung, H. and others",
    title = "{The CCFM Monte Carlo generator CASCADE version 2.2.03}",
    eprint = "1008.0152",
    archivePrefix = "arXiv",
    primaryClass = "hep-ph",
    reportNumber = "DESY-10-107",
    doi = "10.1140/epjc/s10052-010-1507-z",
    journal = "Eur. Phys. J. C",
    volume = "70",
    pages = "1237--1249",
    year = "2010"
}

@article{Kutak:2011fu,
    author = "Kutak, Krzysztof and Golec-Biernat, Krzysztof and Jadach, Stanislaw and Skrzypek, Maciej",
    title = "{Nonlinear equation for coherent gluon emission}",
    eprint = "1111.6928",
    archivePrefix = "arXiv",
    primaryClass = "hep-ph",
    doi = "10.1007/JHEP02(2012)117",
    journal = "JHEP",
    volume = "02",
    pages = "117",
    year = "2012"
}

@article{Kutak:2014wga,
    author = "Kutak, Krzysztof",
    title = "{Hard scale dependent gluon density, saturation and forward-forward dijet production at the LHC}",
    eprint = "1409.3822",
    archivePrefix = "arXiv",
    primaryClass = "hep-ph",
    doi = "10.1103/PhysRevD.91.034021",
    journal = "Phys. Rev. D",
    volume = "91",
    number = "3",
    pages = "034021",
    year = "2015"
}

@article{Luszczak:2022fkf,
    author = {\L{}uszczak, Agnieszka and \L{}uszczak, Marta and Sch\"afer, Wolfgang},
    title = "{Unintegrated gluon distributions from the color dipole cross section in the BGK saturation model}",
    eprint = "2210.02877",
    archivePrefix = "arXiv",
    primaryClass = "hep-ph",
    month = "10",
    year = "2022"
}

@article{vanHameren:2021sqc,
    author = "van Hameren, Andreas and Kotko, Piotr and Kutak, Krzysztof and Sapeta, Sebastian and \.Zar\'ow, El\.zbieta",
    title = "{Probing gluon number density with electron-dijet correlations at EIC}",
    eprint = "2106.13964",
    archivePrefix = "arXiv",
    primaryClass = "hep-ph",
    reportNumber = "IFJPAN-IV-2021-10, IFJPAN-IV-2021-X",
    doi = "10.1140/epjc/s10052-021-09529-3",
    journal = "Eur. Phys. J. C",
    volume = "81",
    number = "8",
    pages = "741",
    year = "2021"
}

@article{Kutak:2012qk,
    author = "Kutak, Krzysztof",
    title = "{Resummation in nonlinear equation for high energy factorisable gluon density and its extension to include coherence}",
    eprint = "1206.5757",
    archivePrefix = "arXiv",
    primaryClass = "hep-ph",
    reportNumber = "IFJPAN-IV-2012-4",
    doi = "10.1007/JHEP12(2012)033",
    journal = "JHEP",
    volume = "12",
    pages = "033",
    year = "2012"
}

@article{Zheng:2019zul,
    author = "Zheng, Du-Xin and Zhou, Jian",
    title = "{Sudakov suppression of the Balitsky-Kovchegov kernel}",
    eprint = "1906.06825",
    archivePrefix = "arXiv",
    primaryClass = "hep-ph",
    doi = "10.1007/JHEP11(2019)177",
    journal = "JHEP",
    volume = "11",
    pages = "177",
    year = "2019"
}
@article{Dominguez:2011wm,
    author = "Dominguez, Fabio and Marquet, Cyrille and Xiao, Bo-Wen and Yuan, Feng",
    title = "{Universality of Unintegrated Gluon Distributions at small x}",
    eprint = "1101.0715",
    archivePrefix = "arXiv",
    primaryClass = "hep-ph",
    doi = "10.1103/PhysRevD.83.105005",
    journal = "Phys. Rev. D",
    volume = "83",
    pages = "105005",
    year = "2011"
}


@article{vanHameren:2016ftb,
    author = "van Hameren, A. and Kotko, P. and Kutak, K. and Marquet, C. and Petreska, E. and Sapeta, S.",
    title = "{Forward di-jet production in p+Pb collisions in the small-x improved TMD factorization framework}",
    eprint = "1607.03121",
    archivePrefix = "arXiv",
    primaryClass = "hep-ph",
    reportNumber = "CERN-TH-2016-159, CPHT-RR036.072016, IFJPAN-IV-2016-X, CERN-TH-2016-XXX",
    doi = "10.1007/JHEP12(2016)034",
    journal = "JHEP",
    volume = "12",
    pages = "034",
    year = "2016",
    note = "[Erratum: JHEP 02, 158 (2019)]"
}

@article{Zheng:2014vka,
    author = "Zheng, L. and Aschenauer, E. C. and Lee, J. H. and Xiao, Bo-Wen",
    title = "{Probing Gluon Saturation through Dihadron Correlations at an Electron-Ion Collider}",
    eprint = "1403.2413",
    archivePrefix = "arXiv",
    primaryClass = "hep-ph",
    doi = "10.1103/PhysRevD.89.074037",
    journal = "Phys. Rev. D",
    volume = "89",
    number = "7",
    pages = "074037",
    year = "2014"
}
@article{Goda:2022wsc,
    author = "Goda, Tomoki and Kutak, Krzysztof and Sapeta, Sebastian",
    title = "{Sudakov effects and the dipole amplitude}",
    eprint = "2210.16084",
    archivePrefix = "arXiv",
    primaryClass = "hep-ph",
    reportNumber = "IFJPAN-IV-2022-16",
    month = "10",
    year = "2022"
}
