@article{LYNESS1985109,
	title = {Integrating some infinite oscillating tails},
	journal = {Journal of Computational and Applied Mathematics},
	volume = {12-13},
	pages = {109-117},
	year = {1985},
	issn = {0377-0427},
	doi = {https://doi.org/10.1016/0377-0427(85)90010-X},
	url = {https://www.sciencedirect.com/science/article/pii/037704278590010X},
	author = {J.N. Lyness},
	keywords = {Quadrature, numerical integration, oscillatory integrals}
}
@article{doi:10.1080/00207167308803075,
author = { David   Levin },
title = {Development of non-linear transformations for improving convergence of sequences},
journal = {International Journal of Computer Mathematics},
volume = {3},
number = {1-4},
pages = {371-388},
year  = {1972},
publisher = {Taylor & Francis},
doi = {10.1080/00207167308803075},
URL = { https://doi.org/10.1080/00207167308803075},
eprint = { https://doi.org/10.1080/00207167308803075}

}
@article{Weniger:1989rea,
	author = "Weniger, Ernst Joachim",
	title = "{Nonlinear sequence transformations for the acceleration of convergence and the summation of divergent series}",
	doi = "10.1016/0167-7977(89)90011-7",
	journal = "Comput. Phys. Rept.",
	volume = "10",
	number = "5-6",
	pages = "189--371",
	year = "1989"
}
@article{HOMEIER19951,
	title = {On remainder estimates for Levin-type sequence transformations},
	journal = {Computer Physics Communications},
	volume = {92},
	number = {1},
	pages = {1-10},
	year = {1995},
	issn = {0010-4655},
	doi = {https://doi.org/10.1016/0010-4655(95)00103-M},
	url = {https://www.sciencedirect.com/science/article/pii/001046559500103M},
	author = {H.H.H. Homeier and E.J. Weniger},
	keywords = {Nonlinear sequence transformations, Convergence acceleration, Extrapolation, Iterative algorithms, Levin transformation, Weniger transformation, J transformation, Kummer transformation},
	abstract = {Remainder estimates for Levin-type sequence transformations are discussed. A new remainder estimate is introduced which is related to the Kummer transformation. Test cases are presented which show that the new remainder estimate can enhance the performance of Levin-type sequence transformations considerably.}
}
@article{vanHameren:2021sqc,
	author = "van Hameren, Andreas and Kotko, Piotr and Kutak, Krzysztof and Sapeta, Sebastian and \.Zar\'ow, El\.zbieta",
	title = "{Probing gluon number density with electron-dijet correlations at EIC}",
	eprint = "2106.13964",
	archivePrefix = "arXiv",
	primaryClass = "hep-ph",
	reportNumber = "IFJPAN-IV-2021-10, IFJPAN-IV-2021-X",
	doi = "10.1140/epjc/s10052-021-09529-3",
	journal = "Eur. Phys. J. C",
	volume = "81",
	number = "8",
	pages = "741",
	year = "2021"
}
@article{Kotko:2015ura,
	author = "Kotko, P. and Kutak, K. and Marquet, C. and Petreska, E. and Sapeta, S. and van Hameren, A.",
	title = "{Improved TMD factorization for forward dijet production in dilute-dense hadronic collisions}",
	eprint = "1503.03421",
	archivePrefix = "arXiv",
	primaryClass = "hep-ph",
	reportNumber = "CERN-PH-TH-2015-045, CPHT-RR005.0315, IFJPAN-IV-2015-2",
	doi = "10.1007/JHEP09(2015)106",
	journal = "JHEP",
	volume = "09",
	pages = "106",
	year = "2015"
}
@article{vanHameren:2016ftb,
	author = "van Hameren, A. and Kotko, P. and Kutak, K. and Marquet, C. and Petreska, E. and Sapeta, S.",
	title = "{Forward di-jet production in p+Pb collisions in the small-x improved TMD factorization framework}",
	eprint = "1607.03121",
	archivePrefix = "arXiv",
	primaryClass = "hep-ph",
	reportNumber = "CERN-TH-2016-159, CPHT-RR036.072016, IFJPAN-IV-2016-X, CERN-TH-2016-XXX",
	doi = "10.1007/JHEP12(2016)034",
	journal = "JHEP",
	volume = "12",
	pages = "034",
	year = "2016",
	note = "[Erratum: JHEP 02, 158 (2019)]"
}
@article{Altinoluk:2019fui,
	author = "Altinoluk, Tolga and Boussarie, Renaud and Kotko, Piotr",
	title = "{Interplay of the CGC and TMD frameworks to all orders in kinematic twist}",
	eprint = "1901.01175",
	archivePrefix = "arXiv",
	primaryClass = "hep-ph",
	doi = "10.1007/JHEP05(2019)156",
	journal = "JHEP",
	volume = "05",
	pages = "156",
	year = "2019"
}
@article{vanHameren:2016kkz,
	author = "van Hameren, A.",
	title = "{KaTie : For parton-level event generation with $k_T$-dependent initial states}",
	eprint = "1611.00680",
	archivePrefix = "arXiv",
	primaryClass = "hep-ph",
	reportNumber = "IFJPAN-IV-2016-26",
	doi = "10.1016/j.cpc.2017.11.005",
	journal = "Comput. Phys. Commun.",
	volume = "224",
	pages = "371--380",
	year = "2018"
}
@article{Dominguez:2010xd,
	author = "Dominguez, Fabio and Xiao, Bo-Wen and Yuan, Feng",
	title = "{$k_t$-factorization for Hard Processes in Nuclei}",
	eprint = "1009.2141",
	archivePrefix = "arXiv",
	primaryClass = "hep-ph",
	doi = "10.1103/PhysRevLett.106.022301",
	journal = "Phys. Rev. Lett.",
	volume = "106",
	pages = "022301",
	year = "2011"
}
@article{Dominguez:2011wm,
	author = "Dominguez, Fabio and Marquet, Cyrille and Xiao, Bo-Wen and Yuan, Feng",
	title = "{Universality of Unintegrated Gluon Distributions at small x}",
	eprint = "1101.0715",
	archivePrefix = "arXiv",
	primaryClass = "hep-ph",
	doi = "10.1103/PhysRevD.83.105005",
	journal = "Phys. Rev. D",
	volume = "83",
	pages = "105005",
	year = "2011"
}
@article{Mueller:2013wwa,
	author = "Mueller, A. H. and Xiao, Bo-Wen and Yuan, Feng",
	title = "{Sudakov double logarithms resummation in hard processes in the small-x saturation formalism}",
	eprint = "1308.2993",
	archivePrefix = "arXiv",
	primaryClass = "hep-ph",
	doi = "10.1103/PhysRevD.88.114010",
	journal = "Phys. Rev. D",
	volume = "88",
	number = "11",
	pages = "114010",
	year = "2013"
}
@article{Xiao:2017yya,
	author = "Xiao, Bo-Wen and Yuan, Feng and Zhou, Jian",
	title = "{Transverse Momentum Dependent Parton Distributions at Small-x}",
	eprint = "1703.06163",
	archivePrefix = "arXiv",
	primaryClass = "hep-ph",
	doi = "10.1016/j.nuclphysb.2017.05.012",
	journal = "Nucl. Phys. B",
	volume = "921",
	pages = "104--126",
	year = "2017"
}
@article{Xiao:2017ggh,
	author = "Xiao, Bo-Wen",
	editor = "Heinz, Ulrich and Evdokimov, Olga and Jacobs, Peter",
	title = "{Low-$x$ Physics in $pA$ Collisions and at the EIC}",
	eprint = "1704.03662",
	archivePrefix = "arXiv",
	primaryClass = "nucl-th",
	doi = "10.1016/j.nuclphysa.2017.05.024",
	journal = "Nucl. Phys. A",
	volume = "967",
	pages = "257--264",
	year = "2017"
}
