@article{McLerran:1993ni,
    author = "McLerran, Larry D. and Venugopalan, Raju",
    title = "{Computing quark and gluon distribution functions for very large nuclei}",
    eprint = "hep-ph/9309289",
    archivePrefix = "arXiv",
    reportNumber = "TPI-MINN-93-44-T, NUC-MINN-93-24-T, HEP-UMN-TH-1220-93",
    doi = "10.1103/PhysRevD.49.2233",
    journal = "Phys. Rev. D",
    volume = "49",
    pages = "2233--2241",
    year = "1994"
}

@article{Balitsky:2006wa,
    author = "Balitsky, Ian",
    title = "{Quark contribution to the small-x evolution of color dipole}",
    eprint = "hep-ph/0609105",
    archivePrefix = "arXiv",
    reportNumber = "JLAB-THY-06-541",
    doi = "10.1103/PhysRevD.75.014001",
    journal = "Phys. Rev. D",
    volume = "75",
    pages = "014001",
    year = "2007"
}




@article{Ayala:1995kg,
    author = "Ayala, Alejandro and Jalilian-Marian, Jamal and McLerran, Larry D. and Venugopalan, Raju",
    title = "{The Gluon propagator in nonAbelian Weizsacker-Williams fields}",
    eprint = "hep-ph/9501324",
    archivePrefix = "arXiv",
    reportNumber = "TPI-MINN-94-40-T, NUC-MINN-94-6-T, HEP-MINN-94-1321, DOE-ER-40561-175, INT-94-00-78",
    doi = "10.1103/PhysRevD.52.2935",
    journal = "Phys. Rev. D",
    volume = "52",
    pages = "2935--2943",
    year = "1995"
}


@article{Kovchegov:1996ty,
    author = "Kovchegov, Yuri V.",
    title = "{NonAbelian Weizsacker-Williams field and a two-dimensional effective color charge density for a very large nucleus}",
    eprint = "hep-ph/9605446",
    archivePrefix = "arXiv",
    reportNumber = "CU-TP-753",
    doi = "10.1103/PhysRevD.54.5463",
    journal = "Phys. Rev. D",
    volume = "54",
    pages = "5463--5469",
    year = "1996"
}


@article{Jalilian-Marian:1996mkd,
    author = "Jalilian-Marian, Jamal and Kovner, Alex and McLerran, Larry D. and Weigert, Heribert",
    title = "{The Intrinsic glue distribution at very small x}",
    eprint = "hep-ph/9606337",
    archivePrefix = "arXiv",
    reportNumber = "TPI-MINN-96-1429, NUC-MINN-96-10-T, TPI-MINN-96-08",
    doi = "10.1103/PhysRevD.55.5414",
    journal = "Phys. Rev. D",
    volume = "55",
    pages = "5414--5428",
    year = "1997"
}


@article{Iancu:2000hn,
    author = "Iancu, Edmond and Leonidov, Andrei and McLerran, Larry D.",
    title = "{Nonlinear gluon evolution in the color glass condensate. 1.}",
    eprint = "hep-ph/0011241",
    archivePrefix = "arXiv",
    reportNumber = "SACLAY-T00-166, BNL-NT-00-24",
    doi = "10.1016/S0375-9474(01)00642-X",
    journal = "Nucl. Phys. A",
    volume = "692",
    pages = "583--645",
    year = "2001"
}


@article{Iancu:2001ad,
    author = "Iancu, Edmond and Leonidov, Andrei and McLerran, Larry D.",
    title = "{The Renormalization group equation for the color glass condensate}",
    eprint = "hep-ph/0102009",
    archivePrefix = "arXiv",
    reportNumber = "BNL-NT-01-3",
    doi = "10.1016/S0370-2693(01)00524-X",
    journal = "Phys. Lett. B",
    volume = "510",
    pages = "133--144",
    year = "2001"
}


@article{Ferreiro:2001qy,
    author = "Ferreiro, Elena and Iancu, Edmond and Leonidov, Andrei and McLerran, Larry",
    title = "{Nonlinear gluon evolution in the color glass condensate. 2.}",
    eprint = "hep-ph/0109115",
    archivePrefix = "arXiv",
    reportNumber = "SACLAY-T01-085, BNL-NT-01-21",
    doi = "10.1016/S0375-9474(01)01329-X",
    journal = "Nucl. Phys. A",
    volume = "703",
    pages = "489--538",
    year = "2002"
}


@inproceedings{Iancu:2002xk,
    author = "Iancu, Edmond and Leonidov, Andrei and McLerran, Larry",
    title = "{The Color glass condensate: An Introduction}",
    booktitle = "{Cargese Summer School on QCD Perspectives on Hot and Dense Matter}",
    eprint = "hep-ph/0202270",
    archivePrefix = "arXiv",
    reportNumber = "SACLAY-T02-024",
    pages = "73--145",
    month = "2",
    year = "2002"
}


@article{Catani:1990xk,
    author = "Catani, S. and Ciafaloni, M. and Hautmann, F.",
    title = "{GLUON CONTRIBUTIONS TO SMALL x HEAVY FLAVOR PRODUCTION}",
    reportNumber = "CAVENDISH-HEP-90-3",
    doi = "10.1016/0370-2693(90)91601-7",
    journal = "Phys. Lett. B",
    volume = "242",
    pages = "97--102",
    year = "1990"
}


@article{Catani:1990eg,
    author = "Catani, S. and Ciafaloni, M. and Hautmann, F.",
    title = "{High-energy factorization and small x heavy flavor production}",
    reportNumber = "CAVENDISH-HEP-90-27",
    doi = "10.1016/0550-3213(91)90055-3",
    journal = "Nucl. Phys. B",
    volume = "366",
    pages = "135--188",
    year = "1991"
}


@article{Collins:1991ty,
    author = "Collins, John C. and Ellis, R. Keith",
    title = "{Heavy quark production in very high-energy hadron collisions}",
    reportNumber = "FERMILAB-PUB-91-022-T",
    doi = "10.1016/0550-3213(91)90288-9",
    journal = "Nucl. Phys. B",
    volume = "360",
    pages = "3--30",
    year = "1991"
}


@article{Catani:1993ww,
    author = "Catani, S. and Ciafaloni, M. and Hautmann, F.",
    title = "{High-energy factorization in QCD and minimal subtraction scheme}",
    reportNumber = "CERN-TH-6818-93",
    doi = "10.1016/0370-2693(93)90204-U",
    journal = "Phys. Lett. B",
    volume = "307",
    pages = "147--153",
    year = "1993"
}


@article{Catani:1993rn,
    author = "Catani, S. and Hautmann, F.",
    title = "{Quark anomalous dimensions at small x}",
    reportNumber = "CERN-TH-6910-93",
    doi = "10.1016/0370-2693(93)90174-G",
    journal = "Phys. Lett. B",
    volume = "315",
    pages = "157--163",
    year = "1993"
}


@article{Catani:1994sq,
    author = "Catani, S. and Hautmann, F.",
    title = "{High-energy factorization and small x deep inelastic scattering beyond leading order}",
    eprint = "hep-ph/9405388",
    archivePrefix = "arXiv",
    reportNumber = "CAVENDISH-HEP-94-01",
    doi = "10.1016/0550-3213(94)90636-X",
    journal = "Nucl. Phys. B",
    volume = "427",
    pages = "475--524",
    year = "1994"
}


@article{Bomhof:2006dp,
    author = "Bomhof, C. J. and Mulders, P. J. and Pijlman, F.",
    title = "{The Construction of gauge-links in arbitrary hard processes}",
    eprint = "hep-ph/0601171",
    archivePrefix = "arXiv",
    doi = "10.1140/epjc/s2006-02554-2",
    journal = "Eur. Phys. J. C",
    volume = "47",
    pages = "147--162",
    year = "2006"
}


@article{Dominguez:2010xd,
    author = "Dominguez, Fabio and Xiao, Bo-Wen and Yuan, Feng",
    title = "{$k_t$-factorization for Hard Processes in Nuclei}",
    eprint = "1009.2141",
    archivePrefix = "arXiv",
    primaryClass = "hep-ph",
    doi = "10.1103/PhysRevLett.106.022301",
    journal = "Phys. Rev. Lett.",
    volume = "106",
    pages = "022301",
    year = "2011"
}


@article{Dominguez:2011wm,
    author = "Dominguez, Fabio and Marquet, Cyrille and Xiao, Bo-Wen and Yuan, Feng",
    title = "{Universality of Unintegrated Gluon Distributions at small x}",
    eprint = "1101.0715",
    archivePrefix = "arXiv",
    primaryClass = "hep-ph",
    doi = "10.1103/PhysRevD.83.105005",
    journal = "Phys. Rev. D",
    volume = "83",
    pages = "105005",
    year = "2011"
}


@article{Xiao:2017yya,
    author = "Xiao, Bo-Wen and Yuan, Feng and Zhou, Jian",
    title = "{Transverse Momentum Dependent Parton Distributions at Small-x}",
    eprint = "1703.06163",
    archivePrefix = "arXiv",
    primaryClass = "hep-ph",
    doi = "10.1016/j.nuclphysb.2017.05.012",
    journal = "Nucl. Phys. B",
    volume = "921",
    pages = "104--126",
    year = "2017"
}


@article{Balitsky:1978ic,
    author = "Balitsky, I. I. and Lipatov, L. N.",
    title = "{The Pomeranchuk Singularity in Quantum Chromodynamics}",
    journal = "Sov. J. Nucl. Phys.",
    volume = "28",
    pages = "822--829",
    year = "1978"
}


@article{Kuraev:1977fs,
    author = "Kuraev, E. A. and Lipatov, L. N. and Fadin, Victor S.",
    title = "{The Pomeranchuk Singularity in Nonabelian Gauge Theories}",
    journal = "Sov. Phys. JETP",
    volume = "45",
    pages = "199--204",
    year = "1977"
}


@book{Kovchegov:2012mbw,
    author = "Kovchegov, Yuri V. and Levin, Eugene",
    title = "{Quantum Chromodynamics at High Energy}",
    doi = "10.1017/9781009291446",
    isbn = "978-1-00-929144-6, 978-1-00-929141-5, 978-1-00-929142-2, 978-0-521-11257-4, 978-1-139-55768-9",
    publisher = "Oxford University Press",
    volume = "33",
    year = "2013"
}


@article{Barone:1993sy,
    author = "Barone, V. and Genovese, M. and Nikolaev, Nikolai N. and Predazzi, E. and Zakharov, B. G.",
    title = "{Unitarization of structure functions at large 1/x}",
    eprint = "hep-ph/9307248",
    archivePrefix = "arXiv",
    reportNumber = "DFTT-28-93",
    doi = "10.1016/0370-2693(94)91208-4",
    journal = "Phys. Lett. B",
    volume = "326",
    pages = "161--167",
    year = "1994"
}


@article{Gribov:1983ivg,
    author = "Gribov, L. V. and Levin, E. M. and Ryskin, M. G.",
    title = "{Semihard Processes in QCD}",
    doi = "10.1016/0370-1573(83)90022-4",
    journal = "Phys. Rept.",
    volume = "100",
    pages = "1--150",
    year = "1983"
}


@article{Balitsky:1995ub,
    author = "Balitsky, I.",
    title = "{Operator expansion for high-energy scattering}",
    eprint = "hep-ph/9509348",
    archivePrefix = "arXiv",
    reportNumber = "MIT-CTP-2470",
    doi = "10.1016/0550-3213(95)00638-9",
    journal = "Nucl. Phys. B",
    volume = "463",
    pages = "99--160",
    year = "1996"
}


@article{Kovchegov:1999yj,
    author = "Kovchegov, Yuri V.",
    title = "{Small x F(2) structure function of a nucleus including multiple pomeron exchanges}",
    eprint = "hep-ph/9901281",
    archivePrefix = "arXiv",
    reportNumber = "NUC-MN-99-1-T, TPI-MINN-99-05",
    doi = "10.1103/PhysRevD.60.034008",
    journal = "Phys. Rev. D",
    volume = "60",
    pages = "034008",
    year = "1999"
}


@article{Kovner:1999bj,
    author = "Kovner, Alex and Milhano, J. Guilherme",
    title = "{Vector potential versus color charge density in low x evolution}",
    eprint = "hep-ph/9904420",
    archivePrefix = "arXiv",
    reportNumber = "OUTP-99-22-P, OUTP-99-22P",
    doi = "10.1103/PhysRevD.61.014012",
    journal = "Phys. Rev. D",
    volume = "61",
    pages = "014012",
    year = "2000"
}


@article{Kovner:2000pt,
    author = "Kovner, Alex and Milhano, J. Guilherme and Weigert, Heribert",
    title = "{Relating different approaches to nonlinear QCD evolution at finite gluon density}",
    eprint = "hep-ph/0004014",
    archivePrefix = "arXiv",
    reportNumber = "OUTP-00-10-P, NORDITA-2000-14-HE",
    doi = "10.1103/PhysRevD.62.114005",
    journal = "Phys. Rev. D",
    volume = "62",
    pages = "114005",
    year = "2000"
}


@article{JalilianMarian:1997dw,
    author = "Jalilian-Marian, Jamal and Kovner, Alex and Weigert, Heribert",
    title = "{The Wilson renormalization group for low x physics: Gluon evolution at finite parton density}",
    eprint = "hep-ph/9709432",
    archivePrefix = "arXiv",
    reportNumber = "TPI-MINN-97-26, NUC-MINN-97-11-T, HEP-MINN-1607, OUTP-97-45-P, CAVENDISH-HEP-97-15",
    doi = "10.1103/PhysRevD.59.014015",
    journal = "Phys. Rev. D",
    volume = "59",
    pages = "014015",
    year = "1998"
}


@article{JalilianMarian:1997gr,
    author = "Jalilian-Marian, Jamal and Kovner, Alex and Leonidov, Andrei and Weigert, Heribert",
    title = "{The Wilson renormalization group for low x physics: Towards the high density regime}",
    eprint = "hep-ph/9706377",
    archivePrefix = "arXiv",
    reportNumber = "TPI-MINN-97-20-T, NUC-MINN-97-6-T, HEP-MINN-97-1546, CAVENDISH-HEP-97-09",
    doi = "10.1103/PhysRevD.59.014014",
    journal = "Phys. Rev. D",
    volume = "59",
    pages = "014014",
    year = "1998"
}


@article{JalilianMarian:1997jx,
    author = "Jalilian-Marian, Jamal and Kovner, Alex and Leonidov, Andrei and Weigert, Heribert",
    title = "{The BFKL equation from the Wilson renormalization group}",
    eprint = "hep-ph/9701284",
    archivePrefix = "arXiv",
    reportNumber = "TPI-MINN-96-28-T, NUC-MINN-96-22-T, HEP-MINN-96-1524",
    doi = "10.1016/S0550-3213(97)00440-9",
    journal = "Nucl. Phys. B",
    volume = "504",
    pages = "415--431",
    year = "1997"
}


@article{vanHameren:2021sqc,
    author = "van Hameren, Andreas and Kotko, Piotr and Kutak, Krzysztof and Sapeta, Sebastian and \.Zar\'ow, El\.zbieta",
    title = "{Probing gluon number density with electron-dijet correlations at EIC}",
    eprint = "2106.13964",
    archivePrefix = "arXiv",
    primaryClass = "hep-ph",
    reportNumber = "IFJPAN-IV-2021-10, IFJPAN-IV-2021-X",
    doi = "10.1140/epjc/s10052-021-09529-3",
    journal = "Eur. Phys. J. C",
    volume = "81",
    number = "8",
    pages = "741",
    year = "2021"
}


@article{Golec-Biernat:1998zce,
    author = "Golec-Biernat, Krzysztof J. and Wusthoff, M.",
    title = "{Saturation effects in deep inelastic scattering at low Q**2 and its implications on diffraction}",
    eprint = "hep-ph/9807513",
    archivePrefix = "arXiv",
    reportNumber = "DTP-98-50",
    doi = "10.1103/PhysRevD.59.014017",
    journal = "Phys. Rev. D",
    volume = "59",
    pages = "014017",
    year = "1998"
}


@article{Kowalski:2003hm,
    author = "Kowalski, Henri and Teaney, Derek",
    title = "{An Impact parameter dipole saturation model}",
    eprint = "hep-ph/0304189",
    archivePrefix = "arXiv",
    doi = "10.1103/PhysRevD.68.114005",
    journal = "Phys. Rev. D",
    volume = "68",
    pages = "114005",
    year = "2003"
}


@article{Forshaw:1999uf,
    author = "Forshaw, Jeffrey R. and Kerley, G. and Shaw, Graham",
    title = "{Extracting the dipole cross-section from photoproduction and electroproduction total cross-section data}",
    eprint = "hep-ph/9903341",
    archivePrefix = "arXiv",
    reportNumber = "CERN-TH-99-58, MC-TH-99-3",
    doi = "10.1103/PhysRevD.60.074012",
    journal = "Phys. Rev. D",
    volume = "60",
    pages = "074012",
    year = "1999"
}


@article{Iancu:2003ge,
    author = "Iancu, E. and Itakura, K. and Munier, S.",
    title = "{Saturation and BFKL dynamics in the HERA data at small x}",
    eprint = "hep-ph/0310338",
    archivePrefix = "arXiv",
    reportNumber = "SACLAY-SPHT-T03-156, CPHT-RR-046-1003",
    doi = "10.1016/j.physletb.2004.02.040",
    journal = "Phys. Lett. B",
    volume = "590",
    pages = "199--208",
    year = "2004"
}


@article{Bartels:2002cj,
    author = "Bartels, J. and Golec-Biernat, Krzysztof J. and Kowalski, H.",
    title = "{A modification of the saturation model: DGLAP evolution}",
    eprint = "hep-ph/0203258",
    archivePrefix = "arXiv",
    reportNumber = "DESY-02-037",
    doi = "10.1103/PhysRevD.66.014001",
    journal = "Phys. Rev. D",
    volume = "66",
    pages = "014001",
    year = "2002"
}


@article{Golec-Biernat:1999qor,
    author = "Golec-Biernat, Krzysztof J. and Wusthoff, M.",
    title = "{Saturation in diffractive deep inelastic scattering}",
    eprint = "hep-ph/9903358",
    archivePrefix = "arXiv",
    reportNumber = "DTP-99-20",
    doi = "10.1103/PhysRevD.60.114023",
    journal = "Phys. Rev. D",
    volume = "60",
    pages = "114023",
    year = "1999"
}


@phdthesis{Kimber:2001uaa,
    author = "Kimber, M.",
    title = "{Unintegrated parton distributions}",
    school = "Durham U.",
    year = "2001"
}


@article{Kwiecinski:1997ee,
    author = "Kwiecinski, J. and Martin, Alan D. and Stasto, A. M.",
    title = "{A Unified BFKL and GLAP description of F2 data}",
    eprint = "hep-ph/9703445",
    archivePrefix = "arXiv",
    reportNumber = "DTP-97-18",
    doi = "10.1103/PhysRevD.56.3991",
    journal = "Phys. Rev. D",
    volume = "56",
    pages = "3991--4006",
    year = "1997"
}


@article{Nikolaev:1990ja,
    author = "Nikolaev, Nikolai N. and Zakharov, B. G.",
    editor = "Khalatnikov, I. M. and Mineev, V. P.",
    title = "{Color transparency and scaling properties of nuclear shadowing in deep inelastic scattering}",
    reportNumber = "OUTP-90-23-P",
    doi = "10.1007/BF01483577",
    journal = "Z. Phys. C",
    volume = "49",
    pages = "607--618",
    year = "1991"
}


@article{Luszczak:2022fkf,
    author = {\L{}uszczak, Agnieszka and \L{}uszczak, Marta and Sch\"afer, Wolfgang},
    title = "{Unintegrated gluon distributions from the color dipole cross section in the BGK saturation model}",
    eprint = "2210.02877",
    archivePrefix = "arXiv",
    primaryClass = "hep-ph",
    doi = "10.1016/j.physletb.2022.137582",
    journal = "Phys. Lett. B",
    volume = "835",
    pages = "137582",
    year = "2022"
}


@article{Abt:2017nkc,
    author = "Abt, I. and Cooper-Sarkar, A. M. and Foster, B. and Myronenko, V. and Wichmann, K. and Wing, M.",
    title = "{Investigation into the limits of perturbation theory at low $Q^2$ using HERA deep inelastic scattering data}",
    eprint = "1704.03187",
    archivePrefix = "arXiv",
    primaryClass = "hep-ex",
    reportNumber = "DESY-17-051",
    doi = "10.1103/PhysRevD.96.014001",
    journal = "Phys. Rev. D",
    volume = "96",
    number = "1",
    pages = "014001",
    year = "2017"
}


@article{Kolbig:1972zz,
    author = "Kolbig, K. S.",
    title = "{PROGRAMS FOR COMPUTING THE LOGARITHM OF THE GAMMA FUNCTION AND THE DIGAMMA FUNCTION FOR COMPLEX ARGUMENT}",
    reportNumber = "CERN-DD-72-7",
    month = "4",
    year = "1972"
}


@article{Hahn:2004fe,
    author = "Hahn, T.",
    title = "{CUBA: A Library for multidimensional numerical integration}",
    eprint = "hep-ph/0404043",
    archivePrefix = "arXiv",
    reportNumber = "MPP-2004-40",
    doi = "10.1016/j.cpc.2005.01.010",
    journal = "Comput. Phys. Commun.",
    volume = "168",
    pages = "78--95",
    year = "2005"
}


@article{Brun:1997pa,
    author = "Brun, R. and Rademakers, F.",
    editor = "Werlen, M. and Perret-Gallix, D.",
    title = "{ROOT: An object oriented data analysis framework}",
    doi = "10.1016/S0168-9002(97)00048-X",
    journal = "Nucl. Instrum. Meth. A",
    volume = "389",
    pages = "81--86",
    year = "1997"
}


@article{Goda:2022wsc,
    author = "Goda, Tomoki and Kutak, Krzysztof and Sapeta, Sebastian",
    title = "{Sudakov effects and the dipole amplitude}",
    eprint = "2210.16084",
    archivePrefix = "arXiv",
    primaryClass = "hep-ph",
    reportNumber = "IFJPAN-IV-2022-16",
    doi = "10.1016/j.nuclphysb.2023.116155",
    journal = "Nucl. Phys. B",
    volume = "990",
    pages = "116155",
    year = "2023"
}


@article{James:2004xla,
    author = "James, Fred and Winkler, Matthias",
    title = "{MINUIT User's Guide}",
    month = "6",
    year = "2004"
}


@article{Albacete:2004gw,
    author = "Albacete, J. L. and Armesto, N. and Milhano, J. G. and Salgado, C. A. and Wiedemann, U. A.",
    title = "{Numerical analysis of the Balitsky-Kovchegov equation with running coupling: Dependence of the saturation scale on nuclear size and rapidity}",
    eprint = "hep-ph/0408216",
    archivePrefix = "arXiv",
    reportNumber = "CERN-PH-TH-2004-157",
    doi = "10.1103/PhysRevD.71.014003",
    journal = "Phys. Rev. D",
    volume = "71",
    pages = "014003",
    year = "2005"
}


@article{Albacete:2007yr,
    author = "Albacete, Javier L. and Kovchegov, Yuri V.",
    title = "{Solving high energy evolution equation including running coupling corrections}",
    eprint = "0704.0612",
    archivePrefix = "arXiv",
    primaryClass = "hep-ph",
    doi = "10.1103/PhysRevD.75.125021",
    journal = "Phys. Rev. D",
    volume = "75",
    pages = "125021",
    year = "2007"
}


@article{Albacete:2010sy,
    author = "Albacete, Javier L. and Armesto, Nestor and Milhano, Jose Guilherme and Quiroga-Arias, Paloma and Salgado, Carlos A.",
    title = "{AAMQS: A non-linear QCD analysis of new HERA data at small-x including heavy quarks}",
    eprint = "1012.4408",
    archivePrefix = "arXiv",
    primaryClass = "hep-ph",
    doi = "10.1140/epjc/s10052-011-1705-3",
    journal = "Eur. Phys. J. C",
    volume = "71",
    pages = "1705",
    year = "2011"
}


@article{Kutak:2004ym,
    author = "Kutak, K. and Stasto, A. M.",
    title = "{Unintegrated gluon distribution from modified BK equation}",
    eprint = "hep-ph/0408117",
    archivePrefix = "arXiv",
    reportNumber = "DESY-04-139",
    doi = "10.1140/epjc/s2005-02223-0",
    journal = "Eur. Phys. J. C",
    volume = "41",
    pages = "343--351",
    year = "2005"
}


@article{vanHameren:2016ftb,
    author = "van Hameren, A. and Kotko, P. and Kutak, K. and Marquet, C. and Petreska, E. and Sapeta, S.",
    title = "{Forward di-jet production in p+Pb collisions in the small-x improved TMD factorization framework}",
    eprint = "1607.03121",
    archivePrefix = "arXiv",
    primaryClass = "hep-ph",
    reportNumber = "CERN-TH-2016-159, CPHT-RR036.072016, IFJPAN-IV-2016-X, CERN-TH-2016-XXX",
    doi = "10.1007/JHEP12(2016)034",
    journal = "JHEP",
    volume = "12",
    pages = "034",
    year = "2016",
    note = "[Erratum: JHEP 02, 158 (2019)]"
}


@article{Xiao:2017ggh,
    author = "Xiao, Bo-Wen",
    editor = "Heinz, Ulrich and Evdokimov, Olga and Jacobs, Peter",
    title = "{Low-$x$ Physics in $pA$ Collisions and at the EIC}",
    eprint = "1704.03662",
    archivePrefix = "arXiv",
    primaryClass = "nucl-th",
    doi = "10.1016/j.nuclphysa.2017.05.024",
    journal = "Nucl. Phys. A",
    volume = "967",
    pages = "257--264",
    year = "2017"
}


@article{Kotko:2015ura,
    author = "Kotko, P. and Kutak, K. and Marquet, C. and Petreska, E. and Sapeta, S. and van Hameren, A.",
    title = "{Improved TMD factorization for forward dijet production in dilute-dense hadronic collisions}",
    eprint = "1503.03421",
    archivePrefix = "arXiv",
    primaryClass = "hep-ph",
    reportNumber = "CERN-PH-TH-2015-045, CPHT-RR005.0315, IFJPAN-IV-2015-2",
    doi = "10.1007/JHEP09(2015)106",
    journal = "JHEP",
    volume = "09",
    pages = "106",
    year = "2015"
}


@article{vanHameren:2016kkz,
    author = "van Hameren, A.",
    title = "{KaTie : For parton-level event generation with $k_T$-dependent initial states}",
    eprint = "1611.00680",
    archivePrefix = "arXiv",
    primaryClass = "hep-ph",
    reportNumber = "IFJPAN-IV-2016-26",
    doi = "10.1016/j.cpc.2017.11.005",
    journal = "Comput. Phys. Commun.",
    volume = "224",
    pages = "371--380",
    year = "2018"
}


@article{Mueller:2012uf,
    author = "Mueller, A. H. and Xiao, Bo-Wen and Yuan, Feng",
    title = "{Sudakov Resummation in Small-$x$ Saturation Formalism}",
    eprint = "1210.5792",
    archivePrefix = "arXiv",
    primaryClass = "hep-ph",
    doi = "10.1103/PhysRevLett.110.082301",
    journal = "Phys. Rev. Lett.",
    volume = "110",
    number = "8",
    pages = "082301",
    year = "2013"
}


@article{Mueller:2013wwa,
    author = "Mueller, A. H. and Xiao, Bo-Wen and Yuan, Feng",
    title = "{Sudakov double logarithms resummation in hard processes in the small-x saturation formalism}",
    eprint = "1308.2993",
    archivePrefix = "arXiv",
    primaryClass = "hep-ph",
    doi = "10.1103/PhysRevD.88.114010",
    journal = "Phys. Rev. D",
    volume = "88",
    number = "11",
    pages = "114010",
    year = "2013"
}


@article{Abdulov:2021ivr,
    author = "Abdulov, N. A. and others",
    title = "{TMDlib2 and TMDplotter: a platform for 3D hadron structure studies}",
    eprint = "2103.09741",
    archivePrefix = "arXiv",
    primaryClass = "hep-ph",
    reportNumber = "DESY 21-026, DESY-21-026, IFJPAN-IV-2021-4, JLAB-THY-21-3337",
    doi = "10.1140/epjc/s10052-021-09508-8",
    journal = "Eur. Phys. J. C",
    volume = "81",
    number = "8",
    pages = "752",
    year = "2021"
}

@book{GSL,
author = "Galassi, M. and Davies, J. and Theiler, J. and Gough, B. and Jungman, G.",
title = "{GNU Scientific Library - Reference Manual, Third Edition, for GSL Version 1.12 (3. ed.)}",
year = "2009",
isbn ="978-0-9546120-7-8",
}
@BOOK{NAP25171,  
collaboration    = {National Academies of Sciences, Engineering, and Medicine},
title     = {An Assessment of U.S.-Based Electron-Ion Collider Science},  
isbn      = "978-0-309-47856-4",  doi       = "10.17226/25171",
  url       = {https://nap.nationalacademies.org/catalog/25171/an-assessment-of-us-based-electron-ion-collider-science},
  year      ="2018",
  publisher = "The National Academies Press",
  address   = "Washington, DC"
}


@book{Roberts:1990ww,
    author = "Roberts, R. G.",
    title = "{The Structure of the proton: Deep inelastic scattering}",
    doi = "10.1017/CBO9780511564062",
    isbn = "978-0-521-44944-1, 978-1-139-24244-8",
    publisher = "Cambridge University Press",
    series = "Cambridge Monographs on Mathematical Physics",
    month = "2",
    year = "1994"
}

@book{Collins:2011zzd,
    author = "Collins, John",
    title = "{Foundations of perturbative QCD}",
    isbn = "978-1-107-64525-7, 978-1-107-64525-7, 978-0-521-85533-4, 978-1-139-09782-6",
    publisher = "Cambridge University Press",
    volume = "32",
    month = "11",
    year = "2013"
}
